3286 5206
793 466 971 525 -34-

300 625 397 693 illam
425 626 719 693 consuetudinem.
773 623 864 706 Quid
891 626 960 692 ita?
1007 623 1096 705 Quia
1123 623 1218 692 hunc
1248 646 1364 704 usum,
1393 646 1472 692 cum

301 735 394 820 apud
422 731 635 800 Herodotum
667 734 884 818 tragicosque
913 733 1098 799 inusitatus
1128 737 1231 812 esset,
1267 753 1311 798 ne
1338 739 1473 799 veteres

302 841 442 925 quidem
470 839 565 906 attici
594 839 760 905 sermonis
789 844 943 906 auctores
971 838 1191 925 recipiebant.
1248 837 1339 905 Nam
1368 840 1475 905 etiam

300 945 522 1032 Thucydides
546 966 615 1012 unc
639 951 775 1012 tanturn
797 945 888 1024 loco,
916 943 1003 1012 VHI
1028 946 1062 1025 1,
1087 944 1122 1024 2,
1149 944 1240 1012 hanc
1264 944 1475 1013 solutionem

301 1054 490 1120 adscivisse
513 1053 657 1119 videtur.

390 1177 581 1261 Pergamus
604 1198 698 1243 nunc
721 1179 757 1243 in
779 1177 1004 1260 negationum
1029 1197 1102 1242 usu
1152 1175 1298 1244 Constat
1322 1176 1476 1244 Graecos

301 1283 498 1364 infinitivis,
528 1285 588 1370 qui
615 1285 769 1369 pendent
798 1282 842 1350 ab
867 1283 914 1349 eis
938 1282 1069 1361 verbis
1100 1283 1225 1370 quibus
1249 1286 1343 1352 notio
1368 1285 1477 1351 insita

302 1396 354 1458 est
376 1392 552 1474 negativa,
576 1392 787 1477 pleonastice
807 1393 849 1479 μὴ
874 1391 1070 1474 adiungere.
1109 1389 1222 1471 Quam
1240 1390 1352 1473 legem
1369 1393 1476 1457 etiam

302 1497 557 1584 Antiphontem
571 1500 668 1584 sequi
681 1503 950 1564 consentaneum
964 1503 1025 1576 est,
1043 1495 1081 1564 ci.
1096 1495 1129 1562 V
1144 1497 1200 1576 tv;
1218 1497 1274 1575 34;
1291 1496 1348 1574 82;
1360 1496 1396 1564 ΙΙ
1409 1496 1475 1581 γ8;

301 1603 353 1680 HI
368 1607 393 1688 β
407 1605 442 1683 9;
462 1605 529 1687 γ4ς
547 1604 582 1680 7;
608 1610 760 1670 attamen
784 1602 962 1671 nonnuliis
985 1603 1069 1671 locis
1089 1604 1238 1688 longius,
1264 1625 1369 1690 quam
1386 1605 1476 1690 opti-

301 1732 436 1778 morum
459 1710 517 1778 lex
541 1715 607 1790 est,
630 1712 790 1797 progredi
813 1711 900 1777 mihi
923 1712 1069 1778 videtur.
1122 1710 1241 1797 Neque
1265 1712 1355 1779 enim
1381 1713 1476 1798 apud

302 1818 410 1885 alium
434 1837 643 1904 quemquam
668 1816 933 1904 deprehenderis
958 1839 998 1884 ea
1022 1838 1109 1904 quac
1133 1820 1160 1884 V
1184 1817 1226 1885 32
1251 1819 1476 1906 ἀπετρέπετο

297 1927 413 2014 μηδὲν
438 1978 496 1992 ...
521 1926 782 2009 κατοφεύάεσάοι;
805 1927 845 1992 II
866 1925 918 1991 dl
945 1926 1265 2012 ἀποστερούμενος
1288 1978 1293 1992 .
1319 1978 1325 1991 .
1349 1978 1355 1991 .
1381 1927 1477 2012 μηδὲ

303 2085 360 2098 ...
387 2033 648 2111 ἀνονλιιύσαοιλοις
677 2032 807 2114 illati
825 2031 992 2115 Ξ11βὲ1
1017 2031 1172 2119 εἴμγοντι
1192 2033 1280 2120 μήτε
1304 2086 1310 2099 .
1331 2085 1337 2098 .
1357 2085 1363 2098 .
1385 2035 1477 2118 μήτε

303 2190 360 2204 ...
387 2139 578 2216 ἀποκτείνειν;
602 2144 778 2223 praetcrea
800 2144 986 2223 quaesunt
1008 2139 1068 2205 III
1084 2137 1143 2220 139
1167 2140 1362 2204 ἀπολύεται
1381 2140 1477 2227 μηδὲ

302 2245 447 2321 ἀκουσίως
473 2248 640 2309 ἀποκτεῖναι
668 2245 752 2310 etv
776 2244 816 2311 17
845 2247 909 2329 ἐμοὶ
934 2242 1021 2330 μόνῳ
1044 2246 1186 2309 ἐπέλιπε
1206 2247 1252 2334 μὴ
1276 2248 1429 2334 ὠφελῆσαι
1440 2247 1472 2324 1).

301 2348 494 2416 Diversitas
527 2370 608 2416 vero
644 2351 814 2435 quaedam
849 2356 992 2436 apparet
1025 2352 1062 2417 in
1095 2353 1348 2418 constructione
1376 2351 1475 2419 verbi

302 2459 487 2536 ὃτακωλύειν;
517 2457 554 2523 in
582 2478 627 2523 or.
646 2459 673 2523 V
693 2455 736 2523 82
765 2459 859 2523 enim
888 2459 918 2524 ei
945 2456 1110 2524 subicitur
1134 2460 1191 2547 μή,
1223 2460 1260 2524 in
1282 2459 1476 2542 tetralogiis

302 2583 372 2630 non
388 2565 480 2643 item,
506 2563 544 2631 cf.
562 2566 622 2631 111
634 2566 658 2647 β
672 2563 708 2641 4;
725 2564 760 2641 7;
780 2563 847 2646 γὸς
863 2561 892 2630 8.
934 2562 1030 2644 Quae
1052 2567 1212 2649 quamvis
1228 2565 1323 2649 apud
1338 2562 1476 2630 Rham-

301 2671 441 2737 nusium
470 2669 762 2756 deprehendatur,
790 2676 908 2736 tamen
937 2671 1017 2736 inde
1046 2669 1177 2756 aliquid
1206 2673 1251 2738 ad
1274 2671 1475 2755 tetralogias

303 2777 583 2843 condemnandas
611 2778 805 2844 redundare
834 2798 1014 2864 perperam
1038 2778 1204 2844 iudicavit
1227 2777 1473 2862 Brueclrner2).

302 2881 393 2949 Nam
425 2888 667 2970 praeterquam
701 2886 792 2970 quod
826 2903 868 2950 ex
897 2885 1067 2951 eiusmodi
1096 2885 1189 2969 apud
1217 2883 1475 2969 Antiphontem

302 2990 558 3057 discriminibus
582 2989 673 3057 nihil
697 2989 859 3070 efficitur,
888 3012 966 3058 eum
991 2993 1035 3057 ad
1059 2989 1232 3074 Madvigii
1256 2989 1297 3057 V.
1323 2988 1365 3057 D.
1395 3011 1475 3074 gra-

302 3097 485 3163 vissimum
501 3097 667 3162 iudicium
677 3100 702 3178 ³)
719 3118 853 3175 revoco,
873 3098 932 3183 qui
946 3095 1126 3183 profitetur
1142 3099 1313 3162 διακωλύειν
1328 3097 1475 3164 verbum

302 3204 396 3288 apud
428 3205 608 3288 scriptores
638 3224 779 3285 graecos
808 3201 904 3270 haud
933 3209 1131 3270 constanter
1161 3204 1206 3270 ad
1234 3203 1332 3270 illam
1359 3201 1475 3287 legem

302 3308 450 3388 formari,
473 3311 579 3376 immo
596 3310 723 3376 variari
739 3310 864 3394 potius,
889 3318 991 3396 atque
1007 3311 1056 3376 ita
1073 3311 1221 3396 quidem,
1239 3317 1277 3377 ut
1293 3313 1473 3387 διακωλύειν,

298 3419 341 3505 μὴ
364 3417 534 3502 particula
559 3417 695 3494 omissa
719 3419 881 3483 usitatius
906 3418 959 3483 sit.

391 3522 441 3589 Ut
469 3522 591 3590 Gracci
623 3529 702 3609 post
735 3524 842 3590 verba
874 3526 1039 3607 negantia
1066 3546 1128 3610 per
1155 3525 1406 3592 abundantiam
1431 3528 1474 3614 μὴ

302 3631 396 3715 apud
425 3627 651 3708 infinitivum,
686 3629 875 3697 vernacula
901 3629 1025 3714 lingua
1053 3629 1317 3710 affirmativum,
1349 3630 1474 3699 inferre

303 3735 429 3816 solent,
458 3737 506 3802 sic
526 3739 568 3825 μὴ
593 3736 628 3802 οὐ
652 3743 801 3823 ponunt,
832 3759 909 3803 cum
934 3735 1129 3804 infinitivus
1153 3743 1308 3820 negatur.
1357 3737 1473 3824 Atque

303 3847 433 3910 certum
467 3845 639 3929 quendam
673 3844 857 3911 verborum
890 3865 1073 3911 numerum
1101 3846 1318 3927 grammatici
1346 3846 1473 3912 consti-

302 3953 452 4027 tuerunt,
478 3969 565 4034 quae
590 3969 611 4015 a
632 3949 885 4035 probatissimis
910 3949 1104 4018 auctoribus
1128 3953 1172 4018 ad
1196 3951 1293 4019 illam
1307 3950 1472 4036 regulam

376 4110 395 4176 ¹)
416 4110 450 4163 cf.
471 4110 570 4179 sijnfsw
592 4113 630 4180 μὴ
655 4111 744 4164 Thuc.
764 4113 808 4163 III
828 4110 884 4176 6,2;
914 4113 1039 4164 ἀπολύειν
1058 4115 1096 4182 μὴ
1119 4115 1188 4165 Her.
1208 4113 1236 4165 II
1256 4113 1320 4176 1743
1349 4112 1473 4166 Thuc.I

302 4198 377 4263 9553
398 4198 483 4262 1283.
520 4201 573 4251 Est
592 4200 685 4262 igitur
704 4201 981 4265 antiquissimorum
1000 4216 1072 4252 usus
1092 4201 1221 4252 liberior.

374 4285 395 4353 2)
416 4287 598 4350 Brueckner‚
609 4286 644 4337 de
655 4288 761 4339 tetrail.
773 4287 896 4353 Antiph.
908 4287 1036 4340 Rhama.
1047 4289 1214 4355 adscriptis
1225 4290 1295 4342 diss.
1306 4289 1386 4355 Lips.
1396 4289 1463 4342 1887
1466 4331 1472 4341 .
1536 4309 1538 4316 ’

375 4373 396 4443 ³)
416 4375 550 4440 Madvig,
569 4376 586 4426 1.
601 4376 618 4427 1.
640 4375 721 4442 §210
741 4375 828 4427 Anm.
844 4377 866 4428 1.
