3286 5206
674 486 853 546 „9-

177 644 288 713 fulciri
321 652 355 712 et
388 643 581 713 confirmari
615 665 748 715 censeo.
801 642 917 730 Atque
947 645 991 710 ad
1020 643 1112 710 hanc
1140 645 1348 711 sententiam

176 752 386 821 fulciendam
419 757 453 820 et
480 751 724 820 stabiliendam
752 751 1028 819 dissertationem
1056 756 1211 818 nostram
1240 771 1348 837 quan-

176 857 426 946 tulumcunque
450 857 634 926 allaturam
658 879 734 927 esse
758 878 866 944 spero.

265 963 342 1032 lam
365 967 410 1032 ad
433 986 505 1032 rem
527 965 640 1051 ipsam
665 965 917 1048 aggrediamur.

614 1153 644 1228 I.
669 1161 910 1248 Copulativae.

730 1306 794 1366 καὶ.

266 1449 313 1510 καὶ
335 1445 541 1531 particulam
565 1446 658 1532 apud
682 1466 801 1512 omnes
826 1437 1006 1529 scriptores
1031 1464 1107 1510 eam
1125 1442 1253 1510 habere
1268 1463 1349 1529 pro-

177 1551 339 1632 vinciam,
362 1557 401 1619 ut
425 1556 458 1618 et
481 1550 619 1634 singula
642 1549 748 1618 verba
773 1557 806 1617 et
829 1556 902 1618 tota
925 1551 1104 1617 enuntiata
1127 1550 1215 1617 inter
1239 1570 1275 1616 se
1293 1570 1349 1615 co-

177 1657 284 1745 pulet,
305 1659 394 1726 inter
410 1679 530 1726 omnes
547 1658 717 1726 convenit.
753 1656 969 1744 Antiquioris
984 1678 1065 1723 vero
1082 1657 1166 1723 artis
1183 1657 1349 1724 oratoriae

178 1771 229 1834 est
252 1787 449 1851 synonyma
473 1787 561 1852 quae
584 1771 753 1833 vocantur
775 1763 965 1843 cumulare,
994 1769 1033 1830 ut
1056 1763 1175 1854 subtili
1198 1764 1349 1849 quadarn

177 1873 357 1939 notionum
381 1873 599 1940 distinctione
621 1873 742 1940 clarior
762 1873 889 1939 evadat
910 1872 1081 1938 sententia
1101 1871 1185 1951 sive,
1209 1876 1247 1936 ut
1264 1867 1349 1936 an-

178 1975 246 2044 dilii
270 1977 363 2044 illius
389 1976 557 2045 Calactini
568 1981 591 2061 ¹)
616 1977 729 2046 verbis
753 1984 845 2059 utar,
873 1982 974 2061 „ciacon
995 1976 1040 2066 εἴη
1063 1978 1225 2066 σημαντικη
1248 2001 1280 2040 τε
1303 1980 1350 2040 καὶ

177 2088 330 2174 εὐπρεπὴς
351 2091 411 2162 τοῖς
432 2089 588 2172 talpona*
617 2085 702 2170 (scil.
720 2090 739 2175 η
754 2087 852 2170 λέξις).
894 2084 1005 2166 Quem
1020 2104 1132 2164 usum,
1158 2104 1223 2170 quo
1243 2082 1350 2150 verba

178 2191 332 2258 eiusdem
359 2191 417 2258 vol
447 2193 634 2259 consimilis
664 2190 927 2275 significationis
951 2190 1121 2279 particula
1145 2195 1192 2256 καὶ
1216 2211 1349 2258 coacer-

177 2303 316 2378 vantur,
337 2305 409 2365 tam
428 2299 583 2367 crebrum
600 2301 692 2386 apud
708 2298 965 2385 Antiphontem
980 2300 1190 2377 invenimus,
1210 2303 1249 2365 ut
1266 2298 1349 2385 quin

178 2405 293 2470 studio
318 2407 467 2490 quodam
492 2411 595 2492 atque
620 2427 735 2474 amore
754 2428 832 2474 eum
849 2408 1028 2494 arripuerit
1044 2427 1115 2473 non
1132 2406 1277 2473 dubium
1293 2406 1346 2472 sit.

177 2509 256 2578 Huc
280 2513 408 2598 optime
433 2514 570 2593 cadunt,
596 2534 683 2600 quae
707 2513 883 2580 Maetzner
907 2515 991 2581 scite
1015 2515 1059 2580 ad
1083 2511 1116 2578 V
1137 2512 1182 2580 42
1205 2513 1348 2579 iudicat:

181 2616 443 2697 ,Abundantia
485 2639 553 2705 qua
586 2618 740 2687 luxuriat
776 2623 883 2687 oratio
918 2621 1060 2687 minime
1094 2620 1250 2686 insuavis
1287 2625 1349 2697 est,

178 2725 304 2811 quippe
329 2746 416 2811 quae
439 2724 677 2812 proficiscatur
701 2748 722 2793 a
745 2728 857 2794 studio
881 2725 1079 2794 inculcandi
1100 2724 1241 2792 auribus
1259 2725 1349 2791 iudi-

178 2851 256 2896 cum
284 2851 356 2896 rem
384 2833 582 2914 gravissimi
609 2835 807 2902 momenti“.
859 2831 1106 2920 Exemplorum
1134 2853 1230 2912 vero,
1260 2853 1349 2918 quae

178 2936 378 3005 huiusmodi
407 2937 545 3022 collegi,
574 2941 781 3024 gravissima
805 2939 1011 3019 describere,
1042 2945 1231 3006 ceterorum
1253 2937 1348 3006 locos

178 3048 314 3110 tantum
338 3065 511 3131 apponere
533 3044 650 3115 liceat:
679 3048 765 3126 11,1
792 3049 897 3125 δεινῶς
918 3051 975 3112 καὶ
999 3049 1134 3135 ἀπύροις
1159 3046 1210 3126 3,1
1237 3049 1273 3120 ἐξ
1291 3050 1348 3111 ἐπι-

177 3153 290 3241 βουλῆς
312 3156 367 3216 καὶ
390 3155 574 3242 πραβανλῆς;
598 3152 652 3232 4,ss
670 3155 719 3238 [Ξ
734 3153 863 3240 271112)
889 3158 964 3242 πρὸς
978 3157 1054 3240 ὑμᾶς
1069 3157 1124 3218 καὶ
1139 3157 1172 3217 τὺ
1189 3155 1348 3238 δίκαιαν3);

179 3257 269 3338 10,1;
296 3259 385 3339 13,4;
410 3259 485 3338 21,ss
510 3259 565 3344 (cf.
592 3261 667 3341 233
691 3287 780 3327 τε-
798 3264 875 3346 κα1);
905 3261 982 3342 25,4
1006 3263 1189 3350 δικαιότερον
1212 3264 1268 3326 καὶ
1291 3264 1347 3325 ὁσι-

178 3369 307 3453 masium
332 3366 378 3433 ib.
404 3367 438 3445 7;
463 3365 537 3447 aar
562 3367 606 3433 ib.
633 3367 653 3434 2
677 3374 711 3435 et
734 3368 769 3447 9;
793 3368 884 3449 aaa
909 3367 983 3449 28,l
1010 3367 1065 3453 (cl.
1088 3366 1141 3436 Ill
1166 3395 1185 3452 γ
1206 3367 1274 3448 5,1;
1298 3365 1347 3432 IV

180 3470 288 3555 rii&
316 3470 369 3538 ΠΙ
394 3499 413 3556 γ
436 3472 503 3556 1,4)
538 3471 582 3540 ib.
608 3472 628 3539 7
657 3475 864 3562 λαθραιύταια
893 3478 950 3539 καὶ
977 3480 1020 3551 ὡς
1047 3475 1209 3563 ἄνθρωπον
1232 3475 1349 3564 μηδένα

178 3581 300 3656 altitona
325 3581 353 3646 V
377 3576 484 3658 3,7-8;
514 3578 566 3659 8,1
598 3585 839 3668 παρανομώτατα
863 3585 918 3646 καὶ
940 3583 1097 3665 βιαιότατα
1121 3587 1154 3649 et
1174 3580 1349 3648 simillime

177 3685 222 3752 ib.
248 3685 283 3764 9;
317 3685 386 3766 9,8;
417 3686 506 3766 11,9;
537 3686 594 3767 14,
623 3686 643 3754 3
668 3694 701 3754 et
726 3688 764 3754 11
792 3685 905 3773 (=VI
940 3687 1064 3773 2,2-3);
1101 3687 1190 3766 16,3;
1220 3687 1349 3768 19,1-2;

178 3791 271 3872 42,2;
295 3792 372 3872 442
388 3795 476 3877 ἐγγὺς
489 3800 540 3882 τῆς
555 3793 713 3884 θαλάσσης
726 3797 783 3860 καὶ
799 3802 857 3858 τῶν
873 3796 994 3873 tricicum
1018 3793 1109 3875 61,2;
1131 3793 1207 3875 625
1220 3796 1348 3882 μέγιστα

252 3955 271 4022 ¹)
284 3955 318 4006 cf.
329 3957 372 4008 De
384 3955 629 4021 Anteloqucntia
637 3956 755 4010 Caecilii
764 3957 907 4010 Calactini
918 3956 1023 4022 fragm.
1035 3958 1066 4009 in
1077 3957 1121 4008 ed.
1132 3959 1225 4011 Blass.
1237 3958 1347 4023 pXLI.

250 4043 271 4110 2)
292 4045 376 4098 Alter
400 4061 542 4097 numerus
566 4045 692 4112 indicat,
717 4062 775 4116 quo
800 4048 833 4098 in
856 4062 946 4099 versu
970 4047 1153 4114 paragraphi
1177 4049 1348 4114 exemplum

178 4135 352 4200 reperiatur.

250 4223 271 4290 ³)
292 4224 327 4277 cf.
347 4222 433 4288 I‚25,8
454 4225 505 4276 ὑπό
523 4243 558 4277 τε
578 4226 651 4289 ὑμῶν
665 4225 715 4277 καὶ
730 4225 908 4288 vaticinator),
928 4225 965 4276 ad
978 4226 1151 4278 bimembris
1165 4227 1258 4290 igitur
1271 4242 1348 4278 com-

178 4313 334 4378 positionis
358 4314 504 4365 rationcm
528 4313 564 4365 ab
584 4313 769 4380 Antiphonte
794 4315 882 4366 etiam
908 4315 981 4366 altas
1006 4314 1154 4367 adhibitas
1174 4331 1238 4367 esse
1258 4317 1348 4380 parti-

179 4401 270 4466 culas,
288 4402 314 4452 si
334 4400 369 4452 de
389 4401 435 4452 his
455 4401 528 4467 ipsis
549 4402 603 4454 erit
623 4402 843 4468 explicandum,
862 4403 1042 4455 ostendetur.
