3286 5206
790 489 969 549 ..6-

300 647 360 713 der
376 645 528 732 Spraehe
549 647 687 714 selbst.“
724 647 840 732 Atque
857 646 949 714 hanc
963 653 1036 713 tam
1051 646 1180 714 bonam
1196 646 1351 715 indolem
1367 654 1472 734 atque

300 758 459 819 naturam
481 753 663 840 praecipue
686 753 722 818 in
749 773 879 835 magna
902 752 964 820 iila
986 753 1233 839 particularum
1257 755 1355 840 copia
1377 755 1472 840 posi-

299 863 371 926 tam
396 881 480 940 esse,
505 881 573 947 qua
597 855 737 955 quidem
754 858 876 926 Graeci
895 860 1013 926 ceteris
1029 859 1166 946 populis
1183 861 1252 928 sint
1269 861 1471 947 superiores

299 986 401 1033 nemo
417 965 569 1050 negabit.
610 961 862 1046 „Sia-‘riiaehen
879 970 917 1031 ut
933 966 981 1033 ait
996 963 1212 1049 Hartungius
1223 969 1257 1050 ¹),
1282 968 1337 1034 die
1353 965 1472 1046 Form,

300 1073 354 1139 die
382 1071 496 1139 Farbe
529 1074 601 1139 und
636 1073 703 1138 don
729 1071 1045 1156 'Zusammenhang
1078 1074 1137 1139 der
1165 1072 1297 1152 Rede‚“
1334 1078 1368 1140 et
1401 1072 1470 1139 alio

298 1179 421 1264 locon:
460 1178 520 1259 „Iu
548 1178 657 1246 ihnen
685 1178 771 1262 liegt
799 1179 854 1244 die
882 1178 1028 1245 hochste
1052 1177 1215 1247 Naivetiit
1238 1181 1311 1246 und
1335 1180 1471 1246 Anmut

298 1285 499 1370 verborgen.
523 1286 690 1354 wahrend
714 1287 763 1353 sie
787 1286 945 1370 augleioh
969 1288 1029 1353 der
1052 1285 1150 1353 Rode
1174 1288 1229 1354 die
1252 1293 1385 1371 grdsste
1402 1286 1469 1354 Be-

298 1393 503 1460 stimmtheit
518 1392 706 1472 verleihen‚
729 1394 802 1459 und
825 1391 887 1459 aus
907 1394 1012 1460 deren
1023 1391 1253 1460 Vorstiindnis
1271 1393 1469 1461 veraichten

299 1501 354 1566 die
370 1498 487 1567 Hiilfte
511 1502 571 1567 des
589 1497 763 1566 Genusses
789 1520 835 1566 an
859 1501 918 1566 der
935 1497 1127 1567 Schdnhcit
1151 1501 1211 1567 der
1228 1499 1469 1584 griechischen

299 1604 452 1693 Spraehe
477 1605 667 1674 entbehren
691 1605 830 1672 heisst.“

385 1711 505 1800 Itaque
529 1715 578 1780 sio
603 1713 772 1792 existimo,
797 1713 826 1778 si
850 1713 925 1799 quis
950 1713 1032 1799 quid
1054 1714 1232 1801 proprium
1256 1716 1301 1781 sit
1322 1713 1469 1781 alicuius

296 1821 470 1906 scriptoris
498 1821 637 1888 studeat
663 1820 848 1905 inquirere,
883 1839 926 1885 ex
953 1818 1201 1905 particularum
1231 1821 1469 1888 observatione

298 1927 393 1994 haud
422 1928 584 2011 exiguum
613 1926 762 1993 fructum
792 1947 870 1993 eum
894 1946 968 1992 esse
991 1933 1240 2014 percepturum.
1288 1926 1363 1994 Iam
1386 1948 1468 1994 vero

297 2039 336 2100 ut
358 2035 393 2099 id
417 2034 546 2118 ipsum,
576 2034 667 2118 quod
690 2032 901 2119 Antiphonti
925 2033 1051 2099 oratori
1074 2034 1110 2100 in
1132 2033 1379 2121 particularum
1402 2054 1470 2099 usu

295 2141 471 2227 proprium
488 2147 549 2219 est.
566 2145 768 2226 exponatur.
785 2141 1027 2206 recurrendrmr
1045 2146 1097 2206 est
1113 2142 1157 2206 ad
1171 2139 1358 2227 perfectam
1370 2139 1469 2207 illam

297 2246 413 2313 Attice
454 2246 590 2312 dicendi
629 2247 928 2326 consuetudinem,
969 2247 1065 2313 ouius
1107 2247 1266 2332 exempla
1299 2246 1468 2314 isocrates

297 2353 446 2419 maxime
471 2357 504 2418 et
519 2335 772 2418 Demosthenes
795 2350 896 2418 nobis
912 2359 1117 2438 proponunt.
1155 2351 1336 2420 Praeterea
1352 2360 1469 2422 autem

296 2481 338 2526 ea
365 2459 578 2546 respicienda
607 2478 681 2524 esse
709 2458 884 2537 videntur,
914 2479 1001 2545 quae
1030 2479 1240 2546 quamquam
1264 2459 1358 2546 apud
1382 2462 1468 2529 alios

296 2566 492 2648 graecitatis
517 2572 670 2632 auctores
693 2565 824 2650 passim
847 2565 1080 2645 inveniuntur,
1108 2572 1225 2634 tamon
1249 2569 1341 2654 apud
1364 2569 1468 2635 Anti-

296 2672 465 2760 phontem
480 2677 553 2739 tam
570 2690 672 2757 saepe
687 2677 833 2750 exstant.
850 2676 888 2737 ut
901 2671 973 2738 eius
984 2672 1122 2758 propria
1135 2693 1209 2740 esse
1220 2675 1376 2759 putanda
1388 2675 1466 2742 sint.

385 2779 523 2859 Restat.
551 2785 590 2845 ut
618 2780 775 2858 doceam.
805 2800 891 2865 quaa
918 2780 1137 2865 potissimum
1161 2781 1318 2848 subsidia
1341 2782 1377 2847 in
1401 2780 1469 2848 hac

297 2887 585 2954 commentatione
610 2885 855 2953 conscribenda
878 2907 933 2952 me
957 2887 1166 2954 adiuverint:

297 2993 336 3062 Ε.
355 2993 543 3073 Maetmm,
568 2992 714 3080 Antiph.
740 2997 837 3059 oratt.
863 2991 934 3058 XV
958 3014 1091 3076 recogn.
1119 2995 1232 3062 adnot.
1259 2995 1410 3062 criticam
1435 3003 1468 3062 et

386 3101 648 3168 commentarios
673 3100 806 3179 adiecit,
830 3099 941 3167 Borol.
969 3098 1064 3167 1838,

297 3208 332 3276 C.
351 3208 487 3288 Mulier,
512 3205 619 3273 Orati.
637 3206 723 3286 Att,
747 3205 892 3293 Antiph.
914 3214 974 3274 etc.
997 3227 1117 3291 graece
1142 3229 1219 3274 eum
1243 3209 1466 3276 translatione

384 3312 509 3381 refieta.
558 3312 835 3397 Parisiorum.
884 3313 950 3381 vol.
976 3313 1001 3381 Ι.

298 3419 415 3488 Victor
437 3419 623 3500 Jcmstedt,
647 3420 729 3487 Ant.
756 3425 852 3487 oratt.
900 3419 1074 3508 Petropoli
1100 3419 1193 3489 1880.

296 3526 352 3596 Fr.
370 3526 483 3608 alass,
507 3527 589 3594 Ant.
616 3532 714 3594 oratt.
740 3532 773 3594 et
795 3527 915 3610 fragm.
963 3529 1012 3594 ed.
1038 3525 1081 3594 ΙΙ.
1122 3526 1215 3615 Lips.
1244 3527 1345 3608 1881;
1370 3531 1465 3596 ouius

386 3635 545 3702 editionis
557 3632 794 3722 paragraphus
806 3636 843 3701 in
857 3635 1023 3722 exemplis
1036 3633 1218 3702 afferendis
1231 3642 1366 3703 secutus
1377 3658 1463 3705 sum.

296 3741 507 3823 Bohimann‚
529 3741 612 3808 Ant.
631 3743 673 3808 de
690 3743 792 3808 caede
808 3740 966 3823 Herodis,
983 3742 1108 3826 grieoh.
1126 3764 1157 3810 u.
1177 3743 1331 3825 deutsoh,
1349 3744 1422 3812 Teil
1437 3743 1464 3826 Ι,

385 3850 405 3936 ξ
432 3847 550 3928 1-48,
574 3846 692 3932 Progr.
718 3869 749 3916 v.
775 3847 933 3933 Liegnita
959 3847 1052 3917 1886.

295 3955 339 4022 Η.
358 3955 534 4036 Schaefen
563 3957 604 4022 de
633 3955 788 4023 nonnuli.
813 3957 930 4043 partic.
957 3958 1050 4043 apud
1073 3956 1218 4043 Antiph.
1245 3979 1319 4024 usu.
1372 3957 1461 4026 Diss

385 4060 477 4130 doct.
505 4061 599 4130 1877.

367 4223 388 4291 1)
407 4225 560 4290 Hartung,
579 4224 675 4276 Lehre
694 4241 754 4276 von
773 4224 831 4276 den
851 4226 1005 4277 Paitikeln
1025 4225 1078 4276 der
1097 4225 1304 4289 griechischen
1325 4227 1463 4293 Spraohe‚

295 4315 448 4378 Erlangen
469 4314 547 4379 1832,
566 4315 586 4365 Ι.
601 4315 740 4367 Vorwort
760 4331 786 4380 p.
800 4315 821 4366 I.

366 4401 388 4469 2)
409 4403 478 4455 ibid.
499 4403 673 4467 Einleitung
692 4419 719 4469 p.
734 4403 776 4456 55.
