<?xml version="1.0" encoding="UTF-8"?>
<!DOCTYPE html PUBLIC "-//W3C//DTD XHTML 1.0 Transitional//EN"
    "http://www.w3.org/TR/xhtml1/DTD/xhtml1-transitional.dtd">
<html xmlns="http://www.w3.org/1999/xhtml" xml:lang="en" lang="en">
 <head>
  <title>
</title>
<meta http-equiv="Content-Type" content="text/html;charset=utf-8" />
  <meta name='ocr-system' content='tesseract 3.04.00' />
  <meta name='ocr-capabilities' content='ocr_page ocr_carea ocr_par ocr_line ocrx_word'/>
</head>
<body>
  <div class='ocr_page' id='page_1' title='image "./deantiphontisin00rosegoog_0038.png"; bbox 0 0 3286 5206; ppageno 0'>
   <div class='ocr_carea' id='block_1_1' title="bbox 672 472 852 531">
    <p class='ocr_par' dir='ltr' id='par_1_1' title="bbox 672 472 852 531">
     <span class='ocr_line' id='line_1_1' title="bbox 672 472 852 531; baseline 0 -17"><span class='ocrx_word' id='word_1_1' title='bbox 672 472 852 531; x_wconf 64' lang='lat'><strong>-33-</strong></span> 
     </span>
    </p>
   </div>
   <div class='ocr_carea' id='block_1_2' title="bbox 569 755 947 839">
    <p class='ocr_par' dir='ltr' id='par_1_2' title="bbox 569 755 947 839">
     <span class='ocr_line' id='line_1_2' title="bbox 569 755 947 839; baseline 0 -18"><span class='ocrx_word' id='word_1_2' title='bbox 569 756 615 822; x_wconf 90' lang='lat' dir='ltr'>de</span> <span class='ocrx_word' id='word_1_3' title='bbox 643 755 947 839; x_wconf 76' lang='lat' dir='ltr'>negationibus,</span> 
     </span>
    </p>
   </div>
   <div class='ocr_carea' id='block_1_3' title="bbox 170 895 1347 3857">
    <p class='ocr_par' dir='ltr' id='par_1_3' title="bbox 170 895 1347 2580">
     <span class='ocr_line' id='line_1_3' title="bbox 262 895 1343 988; baseline 0.001 -25"><span class='ocrx_word' id='word_1_4' title='bbox 262 895 435 978; x_wconf 83' lang='lat' dir='ltr'>Quoniam</span> <span class='ocrx_word' id='word_1_5' title='bbox 468 897 623 983; x_wconf 83' lang='lat' dir='ltr'>proxime</span> <span class='ocrx_word' id='word_1_6' title='bbox 658 899 838 965; x_wconf 86' lang='lat' dir='ltr'>enuntiata</span> <span class='ocrx_word' id='word_1_7' title='bbox 870 898 1036 981; x_wconf 80' lang='lat' dir='ltr'>negantia</span> <span class='ocrx_word' id='word_1_8' title='bbox 1065 897 1343 988; x_wconf 80' lang='lat' dir='ltr'>perstrinximus,</span> 
     </span>
     <span class='ocr_line' id='line_1_4' title="bbox 172 1002 1343 1091; baseline 0 -21"><span class='ocrx_word' id='word_1_9' title='bbox 172 1002 230 1070; x_wconf 89' lang='lat' dir='ltr'>hio</span> <span class='ocrx_word' id='word_1_10' title='bbox 252 1002 350 1070; x_wconf 82' lang='lat' dir='ltr'>locus</span> <span class='ocrx_word' id='word_1_11' title='bbox 375 1025 450 1071; x_wconf 90' lang='lat' dir='ltr'>esse</span> <span class='ocrx_word' id='word_1_12' title='bbox 474 1005 621 1085; x_wconf 86' lang='lat' dir='ltr'>videtur,</span> <span class='ocrx_word' id='word_1_13' title='bbox 645 1011 684 1071; x_wconf 90' lang='lat' dir='ltr'>ut</span> <span class='ocrx_word' id='word_1_14' title='bbox 700 1004 783 1091; x_wconf 91' lang='lat' dir='ltr'>quid</span> <span class='ocrx_word' id='word_1_15' title='bbox 798 1005 836 1071; x_wconf 91' lang='lat' dir='ltr'>in</span> <span class='ocrx_word' id='word_1_16' title='bbox 852 1004 1097 1086; x_wconf 78' lang='lat' dir='ltr'>negationibus</span> <span class='ocrx_word' id='word_1_17' title='bbox 1113 1002 1343 1090; x_wconf 85' lang='lat' dir='ltr'>Antiphontis</span> 
     </span>
     <span class='ocr_line' id='line_1_5' title="bbox 172 1109 1345 1198; baseline 0.002 -22"><span class='ocrx_word' id='word_1_18' title='bbox 172 1111 218 1177; x_wconf 91' lang='lat' dir='ltr'>sit</span> <span class='ocrx_word' id='word_1_19' title='bbox 250 1111 428 1197; x_wconf 91' lang='lat' dir='ltr'>proprium</span> <span class='ocrx_word' id='word_1_20' title='bbox 462 1109 634 1198; x_wconf 87' lang='lat' dir='ltr'>profitear.</span> <span class='ocrx_word' id='word_1_21' title='bbox 687 1111 804 1198; x_wconf 88' lang='lat' dir='ltr'>Atque</span> <span class='ocrx_word' id='word_1_22' title='bbox 838 1109 905 1178; x_wconf 87' lang='lat' dir='ltr'>hoc</span> <span class='ocrx_word' id='word_1_23' title='bbox 941 1111 1080 1196; x_wconf 89' lang='lat' dir='ltr'>quidem</span> <span class='ocrx_word' id='word_1_24' title='bbox 1115 1116 1196 1178; x_wconf 88' lang='lat' dir='ltr'>ante</span> <span class='ocrx_word' id='word_1_25' title='bbox 1229 1111 1345 1178; x_wconf 90' lang='lat' dir='ltr'>omnia</span> 
     </span>
     <span class='ocr_line' id='line_1_6' title="bbox 174 1216 1345 1305; baseline 0 -21"><span class='ocrx_word' id='word_1_26' title='bbox 174 1219 497 1285; x_wconf 81' lang='lat' dir='ltr'>commemoratione</span> <span class='ocrx_word' id='word_1_27' title='bbox 526 1219 671 1302; x_wconf 89' lang='lat' dir='ltr'>dignum</span> <span class='ocrx_word' id='word_1_28' title='bbox 699 1224 766 1298; x_wconf 77' lang='lat' dir='ltr'>est,</span> <span class='ocrx_word' id='word_1_29' title='bbox 799 1220 890 1305; x_wconf 91' lang='lat' dir='ltr'>quod</span> <span class='ocrx_word' id='word_1_30' title='bbox 918 1216 1160 1286; x_wconf 84' lang='lat' dir='ltr'>Rhamnusius</span> <span class='ocrx_word' id='word_1_31' title='bbox 1188 1217 1345 1285; x_wconf 84' lang='lat' dir='ltr'>cumula-</span> 
     </span>
     <span class='ocr_line' id='line_1_7' title="bbox 173 1323 1344 1411; baseline 0 -21"><span class='ocrx_word' id='word_1_32' title='bbox 173 1327 266 1392; x_wconf 91' lang='lat' dir='ltr'>tione</span> <span class='ocrx_word' id='word_1_33' title='bbox 302 1326 452 1411; x_wconf 88' lang='lat' dir='ltr'>quadam</span> <span class='ocrx_word' id='word_1_34' title='bbox 486 1325 713 1410; x_wconf 82' lang='lat' dir='ltr'>negationum</span> <span class='ocrx_word' id='word_1_35' title='bbox 748 1325 936 1392; x_wconf 82' lang='lat' dir='ltr'>delectatur</span> <span class='ocrx_word' id='word_1_36' title='bbox 947 1327 980 1409; x_wconf 82' lang='grc'>1).</span> <span class='ocrx_word' id='word_1_37' title='bbox 1039 1323 1141 1392; x_wconf 88' lang='lat' dir='ltr'>Hane</span> <span class='ocrx_word' id='word_1_38' title='bbox 1176 1326 1344 1392; x_wconf 87' lang='lat' dir='ltr'>rationem</span> 
     </span>
     <span class='ocr_line' id='line_1_8' title="bbox 174 1430 1345 1519; baseline 0.002 -21"><span class='ocrx_word' id='word_1_39' title='bbox 174 1437 289 1499; x_wconf 91' lang='lat' dir='ltr'>autem</span> <span class='ocrx_word' id='word_1_40' title='bbox 317 1433 352 1499; x_wconf 90' lang='lat' dir='ltr'>in</span> <span class='ocrx_word' id='word_1_41' title='bbox 380 1438 498 1519; x_wconf 86' lang='lat' dir='ltr'>aperto</span> <span class='ocrx_word' id='word_1_42' title='bbox 523 1439 575 1500; x_wconf 88' lang='lat' dir='ltr'>est</span> <span class='ocrx_word' id='word_1_43' title='bbox 597 1431 787 1519; x_wconf 84' lang='lat' dir='ltr'>profectam</span> <span class='ocrx_word' id='word_1_44' title='bbox 811 1453 886 1500; x_wconf 87' lang='lat' dir='ltr'>esse</span> <span class='ocrx_word' id='word_1_45' title='bbox 910 1453 930 1499; x_wconf 87' lang='lat' dir='ltr'>a</span> <span class='ocrx_word' id='word_1_46' title='bbox 954 1433 1066 1500; x_wconf 86' lang='lat' dir='ltr'>studio</span> <span class='ocrx_word' id='word_1_47' title='bbox 1092 1430 1243 1500; x_wconf 89' lang='lat' dir='ltr'>addendi</span> <span class='ocrx_word' id='word_1_48' title='bbox 1265 1453 1345 1516; x_wconf 89' lang='lat' dir='ltr'>gra-</span> 
     </span>
     <span class='ocr_line' id='line_1_9' title="bbox 173 1537 1343 1627; baseline 0.002 -23"><span class='ocrx_word' id='word_1_49' title='bbox 173 1539 358 1608; x_wconf 85' lang='lat' dir='ltr'>vissimum</span> <span class='ocrx_word' id='word_1_50' title='bbox 384 1541 522 1627; x_wconf 87' lang='lat' dir='ltr'>pondus</span> <span class='ocrx_word' id='word_1_51' title='bbox 552 1540 733 1608; x_wconf 88' lang='lat' dir='ltr'>sententiis</span> <span class='ocrx_word' id='word_1_52' title='bbox 760 1541 993 1627; x_wconf 87' lang='lat' dir='ltr'>movendique</span> <span class='ocrx_word' id='word_1_53' title='bbox 1021 1537 1173 1606; x_wconf 84' lang='lat' dir='ltr'>iudicum</span> <span class='ocrx_word' id='word_1_54' title='bbox 1199 1541 1343 1608; x_wconf 88' lang='lat' dir='ltr'>animos.</span> 
     </span>
     <span class='ocr_line' id='line_1_10' title="bbox 173 1645 1343 1737; baseline -0.001 -25"><span class='ocrx_word' id='word_1_55' title='bbox 173 1645 248 1713; x_wconf 90' lang='lat' dir='ltr'>Iam</span> <span class='ocrx_word' id='word_1_56' title='bbox 276 1646 448 1733; x_wconf 85' lang='lat' dir='ltr'>perlustra</span> <span class='ocrx_word' id='word_1_57' title='bbox 475 1646 563 1713; x_wconf 92' lang='lat' dir='ltr'>mihi</span> <span class='ocrx_word' id='word_1_58' title='bbox 591 1646 751 1734; x_wconf 85' lang='lat' dir='ltr'>exempla</span> <span class='ocrx_word' id='word_1_59' title='bbox 773 1650 793 1714; x_wconf 95' lang='lat' dir='ltr'>I</span> <span class='ocrx_word' id='word_1_60' title='bbox 817 1646 858 1713; x_wconf 77' lang='lat'>27</span> <span class='ocrx_word' id='word_1_61' title='bbox 885 1701 943 1714; x_wconf 91' lang='lat'>...</span> <span class='ocrx_word' id='word_1_62' title='bbox 965 1649 1055 1735; x_wconf 73' lang='grc' dir='ltr'><em>μήτε</em></span> <span class='ocrx_word' id='word_1_63' title='bbox 1078 1649 1218 1737; x_wconf 68' lang='grc' dir='ltr'>αἰσχύνης</span> <span class='ocrx_word' id='word_1_64' title='bbox 1235 1649 1343 1737; x_wconf 72' lang='grc' dir='ltr'><em>μηδε-</em></span> 
     </span>
     <span class='ocr_line' id='line_1_11' title="bbox 170 1753 1344 1845; baseline 0.001 -28"><span class='ocrx_word' id='word_1_65' title='bbox 170 1760 267 1840; x_wconf 60' lang='grc' dir='ltr'>μιᾶς</span> <span class='ocrx_word' id='word_1_66' title='bbox 295 1755 323 1820; x_wconf 78' lang='lat' dir='ltr'>V</span> <span class='ocrx_word' id='word_1_67' title='bbox 347 1753 455 1821; x_wconf 75' lang='lat' dir='ltr'>2i·22</span> <span class='ocrx_word' id='word_1_68' title='bbox 479 1753 561 1819; x_wconf 77' lang='grc' dir='ltr'>οὔτε</span> <span class='ocrx_word' id='word_1_69' title='bbox 585 1756 687 1831; x_wconf 78' lang='grc' dir='ltr'><em>πείσας</em></span> <span class='ocrx_word' id='word_1_70' title='bbox 709 1808 715 1820; x_wconf 94' lang='grc'>.</span> <span class='ocrx_word' id='word_1_71' title='bbox 735 1808 767 1821; x_wconf 89' lang='grc'>..</span> <span class='ocrx_word' id='word_1_72' title='bbox 797 1755 960 1839; x_wconf 79' lang='grc' dir='ltr'><em>οὐδαμοῦ</em></span> <span class='ocrx_word' id='word_1_73' title='bbox 984 1755 1184 1845; x_wconf 69' lang='grc' dir='ltr'><em>ἀπελέγχαμαι</em></span> <span class='ocrx_word' id='word_1_74' title='bbox 1204 1807 1210 1820; x_wconf 91' lang='grc'>.</span> <span class='ocrx_word' id='word_1_75' title='bbox 1229 1807 1236 1820; x_wconf 92' lang='grc'><strong>.</strong></span> <span class='ocrx_word' id='word_1_76' title='bbox 1256 1808 1261 1820; x_wconf 94' lang='grc'><em>.</em></span> <span class='ocrx_word' id='word_1_77' title='bbox 1282 1755 1344 1819; x_wconf 79' lang='grc' dir='ltr'><em>οὔτ’</em></span> 
     </span>
     <span class='ocr_line' id='line_1_12' title="bbox 174 1859 1346 1952; baseline 0.002 -28"><span class='ocrx_word' id='word_1_78' title='bbox 174 1859 213 1925; x_wconf 84' lang='grc' dir='ltr'>αὖ</span> <span class='ocrx_word' id='word_1_79' title='bbox 230 1914 236 1926; x_wconf 91' lang='grc'><strong>.</strong></span> <span class='ocrx_word' id='word_1_80' title='bbox 256 1914 262 1928; x_wconf 93' lang='grc'><em>.</em></span> <span class='ocrx_word' id='word_1_81' title='bbox 283 1915 288 1926; x_wconf 95' lang='grc'>.</span> <span class='ocrx_word' id='word_1_82' title='bbox 308 1860 390 1925; x_wconf 78' lang='grc' dir='ltr'><em>αὔτε</em></span> <span class='ocrx_word' id='word_1_83' title='bbox 413 1863 631 1952; x_wconf 71' lang='grc' dir='ltr'><em>κατασχόντες.</em></span> <span class='ocrx_word' id='word_1_84' title='bbox 652 1915 657 1928; x_wconf 92' lang='grc'><strong>.</strong></span> <span class='ocrx_word' id='word_1_85' title='bbox 678 1915 683 1927; x_wconf 97' lang='grc'>.</span> <span class='ocrx_word' id='word_1_86' title='bbox 702 1864 761 1926; x_wconf 80' lang='grc' dir='ltr'>ἀπὸ</span> <span class='ocrx_word' id='word_1_87' title='bbox 786 1867 975 1949; x_wconf 72' lang='grc' dir='ltr'><em>παρασκευῆς</em></span> <span class='ocrx_word' id='word_1_88' title='bbox 993 1862 1178 1946; x_wconf 51' lang='lat' dir='ltr'>venumda</span> <span class='ocrx_word' id='word_1_89' title='bbox 1203 1859 1246 1928; x_wconf 78' lang='grc'>27</span> <span class='ocrx_word' id='word_1_90' title='bbox 1263 1861 1346 1926; x_wconf 77' lang='grc' dir='ltr'><em>αὔτε</em></span> 
     </span>
     <span class='ocr_line' id='line_1_13' title="bbox 174 1965 1344 2056; baseline 0.002 -26"><span class='ocrx_word' id='word_1_91' title='bbox 174 1970 267 2056; x_wconf 63' lang='grc' dir='ltr'>(ἰατὴρ</span> <span class='ocrx_word' id='word_1_92' title='bbox 291 1969 413 2044; x_wconf 76' lang='grc' dir='ltr'><strong><em>οὐδεὶς</em></strong></span> <span class='ocrx_word' id='word_1_93' title='bbox 436 2021 493 2035; x_wconf 90' lang='grc'>...</span> <span class='ocrx_word' id='word_1_94' title='bbox 519 1967 602 2032; x_wconf 79' lang='grc' dir='ltr'><em>οὔτε</em></span> <span class='ocrx_word' id='word_1_95' title='bbox 625 1968 696 2032; x_wconf 76' lang='grc' dir='ltr'><em>ἄλλα</em></span> <span class='ocrx_word' id='word_1_96' title='bbox 720 1972 844 2056; x_wconf 72' lang='grc' dir='ltr'><em>σημεῖον</em></span> <span class='ocrx_word' id='word_1_97' title='bbox 867 1969 987 2046; x_wconf 60' lang='lat' dir='ltr'>erisiam</span> <span class='ocrx_word' id='word_1_98' title='bbox 1011 1973 1111 2051; x_wconf 85' lang='lat' dir='ltr'>porro</span> <span class='ocrx_word' id='word_1_99' title='bbox 1136 1965 1227 2046; x_wconf 75' lang='lat'>28,9;</span> <span class='ocrx_word' id='word_1_100' title='bbox 1251 1965 1344 2046; x_wconf 77' lang='grc'>41,2;</span> 
     </span>
     <span class='ocr_line' id='line_1_14' title="bbox 173 2071 1346 2153; baseline -0.001 -13"><span class='ocrx_word' id='word_1_101' title='bbox 173 2073 264 2153; x_wconf 79' lang='grc'>44,4;</span> <span class='ocrx_word' id='word_1_102' title='bbox 283 2071 427 2153; x_wconf 51' lang='lat'>¹60,7-8;</span> <span class='ocrx_word' id='word_1_103' title='bbox 457 2072 592 2153; x_wconf 77' lang='lat'>78,1-2;</span> <span class='ocrx_word' id='word_1_104' title='bbox 621 2075 668 2140; x_wconf 81' lang='lat' dir='ltr'>vl</span> <span class='ocrx_word' id='word_1_105' title='bbox 694 2072 777 2153; x_wconf 57' lang='lat'>155.</span> <span class='ocrx_word' id='word_1_106' title='bbox 836 2071 972 2140; x_wconf 85' lang='lat' dir='ltr'>Similia</span> <span class='ocrx_word' id='word_1_107' title='bbox 999 2074 1036 2139; x_wconf 90' lang='lat' dir='ltr'>in</span> <span class='ocrx_word' id='word_1_108' title='bbox 1063 2071 1188 2139; x_wconf 77' lang='lat' dir='ltr'>tetra-ll.</span> <span class='ocrx_word' id='word_1_109' title='bbox 1217 2075 1257 2140; x_wconf 96' lang='grc' dir='ltr'>ΙΙ</span> <span class='ocrx_word' id='word_1_110' title='bbox 1281 2100 1301 2137; x_wconf 96' lang='grc' dir='ltr'><em>α</em></span> <span class='ocrx_word' id='word_1_111' title='bbox 1324 2072 1346 2139; x_wconf 84' lang='grc'>4</span> 
     </span>
     <span class='ocr_line' id='line_1_15' title="bbox 174 2180 1346 2269; baseline 0 -25"><span class='ocrx_word' id='word_1_112' title='bbox 174 2183 214 2246; x_wconf 76' lang='grc' dir='ltr'>αὖ</span> <span class='ocrx_word' id='word_1_113' title='bbox 238 2183 297 2269; x_wconf 69' lang='grc' dir='ltr'>μὴν</span> <span class='ocrx_word' id='word_1_114' title='bbox 325 2183 411 2246; x_wconf 81' lang='grc' dir='ltr'><em>οὐδὲ</em></span> <span class='ocrx_word' id='word_1_115' title='bbox 435 2233 441 2248; x_wconf 95' lang='grc'><strong><em>.</em></strong></span> <span class='ocrx_word' id='word_1_116' title='bbox 466 2236 471 2248; x_wconf 94' lang='grc'>.</span> <span class='ocrx_word' id='word_1_117' title='bbox 497 2235 502 2247; x_wconf 95' lang='grc'>.</span> <span class='ocrx_word' id='word_1_118' title='bbox 533 2182 654 2257; x_wconf 78' lang='grc' dir='ltr'><em>οὐδεὶς</em></span> <span class='ocrx_word' id='word_1_119' title='bbox 681 2185 715 2246; x_wconf 81' lang='lat' dir='ltr'>ei</span> <span class='ocrx_word' id='word_1_120' title='bbox 741 2185 821 2266; x_wconf 73' lang='lat' dir='ltr'>posi</span> <span class='ocrx_word' id='word_1_121' title='bbox 847 2200 960 2266; x_wconf 76' lang='lat' dir='ltr'>pauca</span> <span class='ocrx_word' id='word_1_122' title='bbox 986 2181 1073 2244; x_wconf 74' lang='grc' dir='ltr'><em>ὀὐδὲ</em></span> <span class='ocrx_word' id='word_1_123' title='bbox 1097 2183 1156 2267; x_wconf 73' lang='grc' dir='ltr'>μὴν</span> <span class='ocrx_word' id='word_1_124' title='bbox 1185 2181 1280 2257; x_wconf 75' lang='grc' dir='ltr'><em>οὐδ’,</em></span> <span class='ocrx_word' id='word_1_125' title='bbox 1309 2180 1346 2244; x_wconf 82' lang='lat' dir='ltr'>in</span> 
     </span>
     <span class='ocr_line' id='line_1_16' title="bbox 175 2285 1347 2373; baseline -0.003 -21"><span class='ocrx_word' id='word_1_126' title='bbox 175 2287 301 2373; x_wconf 89' lang='lat' dir='ltr'>quibus</span> <span class='ocrx_word' id='word_1_127' title='bbox 333 2285 538 2354; x_wconf 83' lang='lat' dir='ltr'>Homericae</span> <span class='ocrx_word' id='word_1_128' title='bbox 571 2288 767 2372; x_wconf 73' lang='lat' dir='ltr'>dictionis2)</span> <span class='ocrx_word' id='word_1_129' title='bbox 802 2287 951 2370; x_wconf 89' lang='lat' dir='ltr'>vestigia</span> <span class='ocrx_word' id='word_1_130' title='bbox 982 2292 1071 2353; x_wconf 89' lang='lat' dir='ltr'>sunt.</span> <span class='ocrx_word' id='word_1_131' title='bbox 1102 2288 1163 2353; x_wconf 91' lang='lat'>111</span> <span class='ocrx_word' id='word_1_132' title='bbox 1185 2285 1252 2370; x_wconf 75' lang='grc' dir='ltr'>β7</span> <span class='ocrx_word' id='word_1_133' title='bbox 1281 2289 1347 2373; x_wconf 78' lang='grc' dir='ltr'>περὶ</span> 
     </span>
     <span class='ocr_line' id='line_1_17' title="bbox 174 2391 1345 2484; baseline 0.001 -27"><span class='ocrx_word' id='word_1_134' title='bbox 174 2396 306 2459; x_wconf 78' lang='grc' dir='ltr'><em>οὐδένα</em></span> <span class='ocrx_word' id='word_1_135' title='bbox 336 2396 442 2459; x_wconf 73' lang='grc' dir='ltr'><em>οὐδὲν</em></span> <span class='ocrx_word' id='word_1_136' title='bbox 470 2399 614 2484; x_wconf 77' lang='grc' dir='ltr'>ἧμαρτεν;</span> <span class='ocrx_word' id='word_1_137' title='bbox 645 2394 720 2461; x_wconf 84' lang='lat' dir='ltr'>sim.</span> <span class='ocrx_word' id='word_1_138' title='bbox 754 2392 867 2477; x_wconf 71' lang='grc' dir='ltr'>γ6,4;</span> <span class='ocrx_word' id='word_1_139' title='bbox 903 2393 972 2472; x_wconf 81' lang='grc'>9,7;</span> <span class='ocrx_word' id='word_1_140' title='bbox 1008 2396 1028 2457; x_wconf 75' lang='grc' dir='ltr'><em>ὃ</em></span> <span class='ocrx_word' id='word_1_141' title='bbox 1054 2392 1123 2472; x_wconf 83' lang='grc'>9,4;</span> <span class='ocrx_word' id='word_1_142' title='bbox 1159 2394 1207 2459; x_wconf 83' lang='lat' dir='ltr'>IV</span> <span class='ocrx_word' id='word_1_143' title='bbox 1232 2418 1251 2476; x_wconf 70' lang='grc' dir='ltr'><em>γ</em></span> <span class='ocrx_word' id='word_1_144' title='bbox 1277 2391 1345 2472; x_wconf 83' lang='grc'>3,5;</span> 
     </span>
     <span class='ocr_line' id='line_1_18' title="bbox 175 2499 483 2580; baseline 0.013 -16"><span class='ocrx_word' id='word_1_145' title='bbox 175 2499 325 2580; x_wconf 62' lang='lat' dir='ltr'>aar-a</span> <span class='ocrx_word' id='word_1_146' title='bbox 350 2499 414 2580; x_wconf 77' lang='grc'>7,4.</span> <span class='ocrx_word' id='word_1_147' title='bbox 439 2541 483 2549; x_wconf 94' lang='grc'><strong>-</strong></span> 
     </span>
    </p>

    <p class='ocr_par' dir='ltr' id='par_1_4' title="bbox 173 2604 1347 3857">
     <span class='ocr_line' id='line_1_19' title="bbox 263 2604 1346 2694; baseline -0.002 -21"><span class='ocrx_word' id='word_1_148' title='bbox 263 2604 347 2674; x_wconf 88' lang='lat' dir='ltr'>Alia</span> <span class='ocrx_word' id='word_1_149' title='bbox 371 2609 583 2694; x_wconf 81' lang='lat' dir='ltr'>proprietas,</span> <span class='ocrx_word' id='word_1_150' title='bbox 619 2628 722 2694; x_wconf 90' lang='lat' dir='ltr'>quam</span> <span class='ocrx_word' id='word_1_151' title='bbox 754 2607 838 2673; x_wconf 90' lang='lat' dir='ltr'>item</span> <span class='ocrx_word' id='word_1_152' title='bbox 866 2606 911 2671; x_wconf 90' lang='lat' dir='ltr'>ad</span> <span class='ocrx_word' id='word_1_153' title='bbox 940 2611 1119 2692; x_wconf 88' lang='lat' dir='ltr'>poetarum</span> <span class='ocrx_word' id='word_1_154' title='bbox 1149 2604 1346 2690; x_wconf 85' lang='lat' dir='ltr'>exemplum</span> 
     </span>
     <span class='ocr_line' id='line_1_20' title="bbox 173 2709 1347 2801; baseline -0.001 -23"><span class='ocrx_word' id='word_1_155' title='bbox 173 2713 283 2780; x_wconf 90' lang='lat' dir='ltr'>redire</span> <span class='ocrx_word' id='word_1_156' title='bbox 305 2712 528 2781; x_wconf 87' lang='lat' dir='ltr'>manifestum</span> <span class='ocrx_word' id='word_1_157' title='bbox 553 2719 615 2794; x_wconf 81' lang='lat' dir='ltr'>ost,</span> <span class='ocrx_word' id='word_1_158' title='bbox 638 2715 754 2801; x_wconf 88' lang='lat' dir='ltr'>posita</span> <span class='ocrx_word' id='word_1_159' title='bbox 777 2719 829 2780; x_wconf 89' lang='lat' dir='ltr'>est</span> <span class='ocrx_word' id='word_1_160' title='bbox 852 2714 889 2779; x_wconf 92' lang='lat' dir='ltr'>in</span> <span class='ocrx_word' id='word_1_161' title='bbox 913 2713 1016 2779; x_wconf 85' lang='lat' dir='ltr'>tmesi</span> <span class='ocrx_word' id='word_1_162' title='bbox 1040 2712 1202 2797; x_wconf 90' lang='lat' dir='ltr'>quadam.</span> <span class='ocrx_word' id='word_1_163' title='bbox 1240 2709 1347 2778; x_wconf 86' lang='lat' dir='ltr'>Velut</span> 
     </span>
     <span class='ocr_line' id='line_1_21' title="bbox 174 2817 1346 2907; baseline -0.003 -19"><span class='ocrx_word' id='word_1_164' title='bbox 174 2818 284 2898; x_wconf 82' lang='lat' dir='ltr'>v25;</span> <span class='ocrx_word' id='word_1_165' title='bbox 319 2819 376 2900; x_wconf 85' lang='lat'>56;</span> <span class='ocrx_word' id='word_1_166' title='bbox 411 2819 454 2888; x_wconf 79' lang='lat'>93</span> <span class='ocrx_word' id='word_1_167' title='bbox 487 2822 652 2907; x_wconf 86' lang='lat' dir='ltr'>seriptum</span> <span class='ocrx_word' id='word_1_168' title='bbox 685 2820 843 2887; x_wconf 86' lang='lat' dir='ltr'>videmus</span> <span class='ocrx_word' id='word_1_169' title='bbox 876 2822 930 2884; x_wconf 82' lang='grc' dir='ltr'>οὐκ</span> <span class='ocrx_word' id='word_1_170' title='bbox 958 2819 994 2882; x_wconf 78' lang='grc' dir='ltr'>ἄν</span> <span class='ocrx_word' id='word_1_171' title='bbox 1022 2843 1092 2883; x_wconf 82' lang='grc' dir='ltr'><em>ποτε</em></span> <span class='ocrx_word' id='word_1_172' title='bbox 1119 2838 1181 2903; x_wconf 95' lang='lat' dir='ltr'>pro</span> <span class='ocrx_word' id='word_1_173' title='bbox 1209 2817 1346 2900; x_wconf 82' lang='lat' dir='ltr'>vulgari</span> 
     </span>
     <span class='ocr_line' id='line_1_22' title="bbox 176 2923 1345 3009; baseline 0.002 -20"><span class='ocrx_word' id='word_1_174' title='bbox 176 2923 283 2990; x_wconf 82' lang='grc' dir='ltr'><em>οὔποτε</em></span> <span class='ocrx_word' id='word_1_175' title='bbox 306 2927 357 3006; x_wconf 58' lang='lat' dir='ltr'>cim</span> <span class='ocrx_word' id='word_1_176' title='bbox 381 2928 473 2994; x_wconf 82' lang='lat' dir='ltr'>idem</span> <span class='ocrx_word' id='word_1_177' title='bbox 497 2932 657 2994; x_wconf 78' lang='lat' dir='ltr'>exaratur</span> <span class='ocrx_word' id='word_1_178' title='bbox 679 2928 739 2993; x_wconf 89' lang='lat' dir='ltr'>III</span> <span class='ocrx_word' id='word_1_179' title='bbox 765 2926 834 3009; x_wconf 68' lang='lat'>71.</span> <span class='ocrx_word' id='word_1_180' title='bbox 882 2928 922 2992; x_wconf 88' lang='grc' dir='ltr'>Π</span> <span class='ocrx_word' id='word_1_181' title='bbox 943 2925 998 2993; x_wconf 69' lang='lat' dir='ltr'>ab</span> <span class='ocrx_word' id='word_1_182' title='bbox 1024 2928 1078 2990; x_wconf 79' lang='grc' dir='ltr'>οὐκ</span> <span class='ocrx_word' id='word_1_183' title='bbox 1100 2924 1179 2990; x_wconf 76' lang='grc' dir='ltr'><em>ἔστιν</em></span> <span class='ocrx_word' id='word_1_184' title='bbox 1202 2923 1259 3004; x_wconf 84' lang='grc' dir='ltr'><em>ἕτι;</em></span> <span class='ocrx_word' id='word_1_185' title='bbox 1284 2927 1304 2989; x_wconf 78' lang='grc' dir='ltr'><em>ὃ</em></span> <span class='ocrx_word' id='word_1_186' title='bbox 1326 2924 1345 2991; x_wconf 88' lang='grc'>5</span> 
     </span>
     <span class='ocr_line' id='line_1_23' title="bbox 175 3029 1347 3121; baseline 0.002 -26"><span class='ocrx_word' id='word_1_187' title='bbox 175 3035 231 3096; x_wconf 79' lang='grc' dir='ltr'>οὐκ</span> <span class='ocrx_word' id='word_1_188' title='bbox 253 3033 290 3096; x_wconf 80' lang='grc' dir='ltr'>ἂν</span> <span class='ocrx_word' id='word_1_189' title='bbox 313 3031 363 3098; x_wconf 80' lang='grc' dir='ltr'><strong><em>ἔτι.</em></strong></span> <span class='ocrx_word' id='word_1_190' title='bbox 402 3032 445 3100; x_wconf 92' lang='lat' dir='ltr'>ln</span> <span class='ocrx_word' id='word_1_191' title='bbox 467 3035 581 3121; x_wconf 89' lang='lat' dir='ltr'>prima</span> <span class='ocrx_word' id='word_1_192' title='bbox 604 3039 719 3100; x_wconf 88' lang='lat' dir='ltr'>autem</span> <span class='ocrx_word' id='word_1_193' title='bbox 743 3037 777 3099; x_wconf 89' lang='lat' dir='ltr'>et</span> <span class='ocrx_word' id='word_1_194' title='bbox 800 3037 899 3099; x_wconf 87' lang='lat' dir='ltr'>sexta</span> <span class='ocrx_word' id='word_1_195' title='bbox 923 3031 1075 3098; x_wconf 86' lang='lat' dir='ltr'>oratione</span> <span class='ocrx_word' id='word_1_196' title='bbox 1095 3030 1159 3097; x_wconf 90' lang='lat' dir='ltr'>tali</span> <span class='ocrx_word' id='word_1_197' title='bbox 1175 3029 1347 3098; x_wconf 86' lang='lat' dir='ltr'>solutione</span> 
     </span>
     <span class='ocr_line' id='line_1_24' title="bbox 175 3135 1345 3221; baseline -0.002 -17"><span class='ocrx_word' id='word_1_198' title='bbox 175 3137 345 3205; x_wconf 89' lang='lat' dir='ltr'>abstinuit</span> <span class='ocrx_word' id='word_1_199' title='bbox 368 3146 488 3207; x_wconf 86' lang='lat' dir='ltr'>orator.</span> <span class='ocrx_word' id='word_1_200' title='bbox 528 3138 640 3207; x_wconf 90' lang='lat' dir='ltr'>Aliter</span> <span class='ocrx_word' id='word_1_201' title='bbox 663 3160 717 3206; x_wconf 87' lang='lat' dir='ltr'>res</span> <span class='ocrx_word' id='word_1_202' title='bbox 741 3159 777 3205; x_wconf 88' lang='lat' dir='ltr'>se</span> <span class='ocrx_word' id='word_1_203' title='bbox 800 3136 908 3205; x_wconf 87' lang='lat' dir='ltr'>habet</span> <span class='ocrx_word' id='word_1_204' title='bbox 930 3139 967 3203; x_wconf 92' lang='lat' dir='ltr'>in</span> <span class='ocrx_word' id='word_1_205' title='bbox 990 3140 1051 3204; x_wconf 93' lang='lat' dir='ltr'>III</span> <span class='ocrx_word' id='word_1_206' title='bbox 1065 3135 1113 3221; x_wconf 64' lang='lat'>76</span> <span class='ocrx_word' id='word_1_207' title='bbox 1138 3139 1203 3202; x_wconf 70' lang='grc' dir='ltr'>οὐδ’</span> <span class='ocrx_word' id='word_1_208' title='bbox 1220 3141 1263 3215; x_wconf 78' lang='grc' dir='ltr'>εἷς</span> <span class='ocrx_word' id='word_1_209' title='bbox 1283 3139 1345 3212; x_wconf 76' lang='grc' dir='ltr'><em>ἕνα,</em></span> 
     </span>
     <span class='ocr_line' id='line_1_25' title="bbox 175 3241 1347 3331; baseline -0.001 -20"><span class='ocrx_word' id='word_1_210' title='bbox 175 3245 217 3312; x_wconf 90' lang='lat' dir='ltr'>de</span> <span class='ocrx_word' id='word_1_211' title='bbox 236 3265 304 3331; x_wconf 85' lang='lat' dir='ltr'>qua</span> <span class='ocrx_word' id='word_1_212' title='bbox 321 3244 430 3313; x_wconf 84' lang='lat' dir='ltr'>forma</span> <span class='ocrx_word' id='word_1_213' title='bbox 446 3245 603 3312; x_wconf 85' lang='lat' dir='ltr'>lubenter</span> <span class='ocrx_word' id='word_1_214' title='bbox 619 3245 807 3330; x_wconf 83' lang='lat' dir='ltr'>amplector</span> <span class='ocrx_word' id='word_1_215' title='bbox 822 3243 991 3310; x_wconf 85' lang='lat' dir='ltr'>iudicium</span> <span class='ocrx_word' id='word_1_216' title='bbox 1007 3241 1230 3323; x_wconf 83' lang='lat' dir='ltr'>Rohdantzii,</span> <span class='ocrx_word' id='word_1_217' title='bbox 1256 3245 1347 3329; x_wconf 89' lang='lat' dir='ltr'>quod</span> 
     </span>
     <span class='ocr_line' id='line_1_26' title="bbox 175 3347 1346 3436; baseline -0.002 -18"><span class='ocrx_word' id='word_1_218' title='bbox 175 3350 257 3418; x_wconf 87' lang='lat' dir='ltr'>faoit</span> <span class='ocrx_word' id='word_1_219' title='bbox 283 3352 320 3417; x_wconf 92' lang='lat' dir='ltr'>in</span> <span class='ocrx_word' id='word_1_220' title='bbox 347 3353 459 3419; x_wconf 84' lang='lat' dir='ltr'>indice</span> <span class='ocrx_word' id='word_1_221' title='bbox 488 3351 522 3418; x_wconf 89' lang='grc' dir='ltr'>ΙΙ</span> <span class='ocrx_word' id='word_1_222' title='bbox 550 3353 595 3418; x_wconf 89' lang='lat' dir='ltr'>ad</span> <span class='ocrx_word' id='word_1_223' title='bbox 618 3349 716 3419; x_wconf 92' lang='lat' dir='ltr'>Dem.</span> <span class='ocrx_word' id='word_1_224' title='bbox 744 3356 841 3416; x_wconf 86' lang='lat' dir='ltr'>oratt.</span> <span class='ocrx_word' id='word_1_225' title='bbox 866 3373 897 3436; x_wconf 92' lang='lat' dir='ltr'>p.</span> <span class='ocrx_word' id='word_1_226' title='bbox 925 3349 1004 3417; x_wconf 79' lang='lat'><strong>262:</strong></span> <span class='ocrx_word' id='word_1_227' title='bbox 1044 3347 1129 3428; x_wconf 81' lang='lat' dir='ltr'>„Die</span> <span class='ocrx_word' id='word_1_228' title='bbox 1157 3347 1346 3433; x_wconf 90' lang='lat' dir='ltr'>Trennung</span> 
     </span>
     <span class='ocr_line' id='line_1_27' title="bbox 175 3455 1346 3544; baseline 0 -21"><span class='ocrx_word' id='word_1_229' title='bbox 175 3456 285 3524; x_wconf 90' lang='lat' dir='ltr'>duroh</span> <span class='ocrx_word' id='word_1_230' title='bbox 301 3457 564 3544; x_wconf 72' lang='lat' dir='ltr'>Priipositionen</span> <span class='ocrx_word' id='word_1_231' title='bbox 587 3459 633 3525; x_wconf 90' lang='lat' dir='ltr'>ist</span> <span class='ocrx_word' id='word_1_232' title='bbox 656 3457 736 3525; x_wconf 90' lang='lat' dir='ltr'>sehr</span> <span class='ocrx_word' id='word_1_233' title='bbox 758 3455 880 3539; x_wconf 78' lang='lat' dir='ltr'>hiiufig</span> <span class='ocrx_word' id='word_1_234' title='bbox 896 3457 951 3524; x_wconf 91' lang='lat' dir='ltr'>bei</span> <span class='ocrx_word' id='word_1_235' title='bbox 968 3458 1035 3523; x_wconf 91' lang='lat' dir='ltr'>den</span> <span class='ocrx_word' id='word_1_236' title='bbox 1051 3455 1247 3524; x_wconf 81' lang='lat' dir='ltr'>Rednem“.</span> <span class='ocrx_word' id='word_1_237' title='bbox 1287 3455 1346 3523; x_wconf 87' lang='lat' dir='ltr'>Ad</span> 
     </span>
     <span class='ocr_line' id='line_1_28' title="bbox 174 3563 1346 3650; baseline -0.001 -20"><span class='ocrx_word' id='word_1_238' title='bbox 174 3563 267 3631; x_wconf 88' lang='lat' dir='ltr'>hane</span> <span class='ocrx_word' id='word_1_239' title='bbox 294 3564 398 3647; x_wconf 87' lang='lat' dir='ltr'>igitur</span> <span class='ocrx_word' id='word_1_240' title='bbox 426 3563 583 3648; x_wconf 85' lang='lat' dir='ltr'>regulam</span> <span class='ocrx_word' id='word_1_241' title='bbox 610 3563 698 3631; x_wconf 88' lang='lat' dir='ltr'>illud</span> <span class='ocrx_word' id='word_1_242' title='bbox 727 3565 866 3649; x_wconf 89' lang='lat' dir='ltr'>quidem</span> <span class='ocrx_word' id='word_1_243' title='bbox 895 3564 1091 3650; x_wconf 83' lang='lat' dir='ltr'>exemplum</span> <span class='ocrx_word' id='word_1_244' title='bbox 1120 3565 1346 3649; x_wconf 84' lang='lat' dir='ltr'>compositum</span> 
     </span>
     <span class='ocr_line' id='line_1_29' title="bbox 176 3669 1345 3758; baseline -0.004 -21"><span class='ocrx_word' id='word_1_245' title='bbox 176 3676 238 3749; x_wconf 81' lang='lat' dir='ltr'>est,</span> <span class='ocrx_word' id='word_1_246' title='bbox 262 3691 333 3738; x_wconf 90' lang='lat' dir='ltr'>non</span> <span class='ocrx_word' id='word_1_247' title='bbox 356 3676 473 3738; x_wconf 88' lang='lat' dir='ltr'>tamen</span> <span class='ocrx_word' id='word_1_248' title='bbox 497 3677 609 3738; x_wconf 82' lang='lat' dir='ltr'>cetera</span> <span class='ocrx_word' id='word_1_249' title='bbox 632 3673 691 3738; x_wconf 95' lang='grc' dir='ltr'>ΙΙΙ</span> <span class='ocrx_word' id='word_1_250' title='bbox 703 3671 757 3754; x_wconf 62' lang='lat' dir='ltr'>sti</span> <span class='ocrx_word' id='word_1_251' title='bbox 772 3676 806 3736; x_wconf 90' lang='lat' dir='ltr'>et</span> <span class='ocrx_word' id='word_1_252' title='bbox 820 3669 868 3754; x_wconf 50' lang='lat' dir='ltr'>aa</span> <span class='ocrx_word' id='word_1_253' title='bbox 893 3673 959 3758; x_wconf 69' lang='grc' dir='ltr'>περὶ</span> <span class='ocrx_word' id='word_1_254' title='bbox 975 3669 1084 3736; x_wconf 70' lang='grc' dir='ltr'><em>οὐδένα</em></span> <span class='ocrx_word' id='word_1_255' title='bbox 1108 3674 1142 3735; x_wconf 91' lang='lat' dir='ltr'>et</span> <span class='ocrx_word' id='word_1_256' title='bbox 1165 3673 1206 3747; x_wconf 81' lang='grc' dir='ltr'>εἰς</span> <span class='ocrx_word' id='word_1_257' title='bbox 1227 3672 1345 3735; x_wconf 70' lang='grc' dir='ltr'><em>οὐδένα.</em></span> 
     </span>
     <span class='ocr_line' id='line_1_30' title="bbox 176 3774 1346 3857; baseline 0.001 -15"><span class='ocrx_word' id='word_1_258' title='bbox 176 3774 273 3857; x_wconf 80' lang='lat' dir='ltr'>Quae</span> <span class='ocrx_word' id='word_1_259' title='bbox 303 3797 382 3843; x_wconf 87' lang='lat' dir='ltr'>oum</span> <span class='ocrx_word' id='word_1_260' title='bbox 410 3778 460 3843; x_wconf 86' lang='lat' dir='ltr'>ita</span> <span class='ocrx_word' id='word_1_261' title='bbox 487 3779 571 3857; x_wconf 72' lang='lat' dir='ltr'>sint,</span> <span class='ocrx_word' id='word_1_262' title='bbox 601 3776 712 3845; x_wconf 78' lang='lat' dir='ltr'>elucet</span> <span class='ocrx_word' id='word_1_263' title='bbox 735 3784 891 3844; x_wconf 87' lang='lat' dir='ltr'>nostrum</span> <span class='ocrx_word' id='word_1_264' title='bbox 915 3778 1070 3844; x_wconf 91' lang='lat' dir='ltr'>nondum</span> <span class='ocrx_word' id='word_1_265' title='bbox 1093 3778 1142 3843; x_wconf 92' lang='lat' dir='ltr'>ita</span> <span class='ocrx_word' id='word_1_266' title='bbox 1166 3778 1346 3844; x_wconf 86' lang='lat' dir='ltr'>adamasse</span> 
     </span>
    </p>
   </div>
   <div class='ocr_carea' id='block_1_4' title="bbox 176 3938 1346 4271">
    <p class='ocr_par' dir='ltr' id='par_1_5' title="bbox 176 3938 1346 4271">
     <span class='ocr_line' id='line_1_31' title="bbox 248 3938 1346 4007; baseline 0 -17"><span class='ocrx_word' id='word_1_267' title='bbox 248 3938 268 4006; x_wconf 84' lang='grc'>1)</span> <span class='ocrx_word' id='word_1_268' title='bbox 289 3938 324 3990; x_wconf 82' lang='lat' dir='ltr'>of.</span> <span class='ocrx_word' id='word_1_269' title='bbox 348 3938 487 4004; x_wconf 84' lang='lat' dir='ltr'>Madvig,</span> <span class='ocrx_word' id='word_1_270' title='bbox 513 3939 596 4005; x_wconf 84' lang='lat' dir='ltr'>Synt.</span> <span class='ocrx_word' id='word_1_271' title='bbox 622 3938 648 3990; x_wconf 93' lang='lat' dir='ltr'>d.</span> <span class='ocrx_word' id='word_1_272' title='bbox 673 3954 716 4005; x_wconf 91' lang='lat' dir='ltr'>gr.</span> <span class='ocrx_word' id='word_1_273' title='bbox 740 3939 805 4006; x_wconf 82' lang='lat' dir='ltr'>Spr.</span> <span class='ocrx_word' id='word_1_274' title='bbox 830 3939 917 4007; x_wconf 75' lang='lat'>§209</span> <span class='ocrx_word' id='word_1_275' title='bbox 938 3940 965 3990; x_wconf 94' lang='lat' dir='ltr'>b.</span> <span class='ocrx_word' id='word_1_276' title='bbox 985 3938 1088 3990; x_wconf 83' lang='lat' dir='ltr'>Aum:</span> <span class='ocrx_word' id='word_1_277' title='bbox 1119 3939 1188 4002; x_wconf 88' lang='lat' dir='ltr'>„Die</span> <span class='ocrx_word' id='word_1_278' title='bbox 1211 3939 1346 3990; x_wconf 88' lang='lat' dir='ltr'>Wieder-</span> 
     </span>
     <span class='ocr_line' id='line_1_32' title="bbox 176 4027 1346 4094; baseline -0.001 -15"><span class='ocrx_word' id='word_1_279' title='bbox 176 4027 291 4094; x_wconf 85' lang='lat' dir='ltr'>holung</span> <span class='ocrx_word' id='word_1_280' title='bbox 315 4029 368 4082; x_wconf 88' lang='lat' dir='ltr'>der</span> <span class='ocrx_word' id='word_1_281' title='bbox 391 4029 590 4094; x_wconf 88' lang='lat' dir='ltr'>Verneinung</span> <span class='ocrx_word' id='word_1_282' title='bbox 615 4029 662 4080; x_wconf 90' lang='lat' dir='ltr'>bei</span> <span class='ocrx_word' id='word_1_283' title='bbox 689 4029 746 4080; x_wconf 91' lang='lat' dir='ltr'>den</span> <span class='ocrx_word' id='word_1_284' title='bbox 771 4029 928 4080; x_wconf 85' lang='lat' dir='ltr'>einzelnen</span> <span class='ocrx_word' id='word_1_285' title='bbox 952 4028 1181 4094; x_wconf 85' lang='lat' dir='ltr'>pronominalen</span> <span class='ocrx_word' id='word_1_286' title='bbox 1205 4027 1346 4080; x_wconf 81' lang='lat' dir='ltr'>Wbrtern</span> 
     </span>
     <span class='ocr_line' id='line_1_33' title="bbox 176 4115 1346 4182; baseline -0.001 -14"><span class='ocrx_word' id='word_1_287' title='bbox 176 4115 269 4169; x_wconf 90' lang='lat' dir='ltr'>findet</span> <span class='ocrx_word' id='word_1_288' title='bbox 289 4116 396 4182; x_wconf 88' lang='lat' dir='ltr'>jedooh</span> <span class='ocrx_word' id='word_1_289' title='bbox 420 4133 478 4170; x_wconf 89' lang='lat' dir='ltr'>nur</span> <span class='ocrx_word' id='word_1_290' title='bbox 501 4122 584 4182; x_wconf 84' lang='lat' dir='ltr'>statt,</span> <span class='ocrx_word' id='word_1_291' title='bbox 607 4133 653 4171; x_wconf 89' lang='lat' dir='ltr'>wo</span> <span class='ocrx_word' id='word_1_292' title='bbox 673 4118 720 4170; x_wconf 85' lang='lat' dir='ltr'>die</span> <span class='ocrx_word' id='word_1_293' title='bbox 739 4119 938 4182; x_wconf 88' lang='lat' dir='ltr'>Verneinung</span> <span class='ocrx_word' id='word_1_294' title='bbox 957 4117 1011 4169; x_wconf 92' lang='lat' dir='ltr'>mit</span> <span class='ocrx_word' id='word_1_295' title='bbox 1030 4116 1212 4168; x_wconf 85' lang='lat' dir='ltr'>Naohdruok</span> <span class='ocrx_word' id='word_1_296' title='bbox 1231 4117 1274 4168; x_wconf 86' lang='lat' dir='ltr'>als</span> <span class='ocrx_word' id='word_1_297' title='bbox 1295 4117 1346 4167; x_wconf 85' lang='lat' dir='ltr'>ail-</span> 
     </span>
     <span class='ocr_line' id='line_1_34' title="bbox 177 4204 1345 4271; baseline -0.003 -13"><span class='ocrx_word' id='word_1_298' title='bbox 177 4206 296 4271; x_wconf 86' lang='lat' dir='ltr'>gemein</span> <span class='ocrx_word' id='word_1_299' title='bbox 316 4206 517 4270; x_wconf 78' lang='lat' dir='ltr'>eingesohiirit</span> <span class='ocrx_word' id='word_1_300' title='bbox 536 4207 621 4270; x_wconf 81' lang='lat' dir='ltr'>wird,</span> <span class='ocrx_word' id='word_1_301' title='bbox 640 4212 723 4259; x_wconf 88' lang='lat' dir='ltr'>sonst</span> <span class='ocrx_word' id='word_1_302' title='bbox 743 4207 835 4259; x_wconf 88' lang='lat' dir='ltr'>heisst</span> <span class='ocrx_word' id='word_1_303' title='bbox 855 4222 885 4258; x_wconf 87' lang='lat' dir='ltr'>es</span> <span class='ocrx_word' id='word_1_304' title='bbox 906 4206 995 4266; x_wconf 77' lang='grc' dir='ltr'><em>οὐδεὶς</em></span> <span class='ocrx_word' id='word_1_305' title='bbox 1007 4206 1124 4270; x_wconf 74' lang='grc' dir='ltr'><em>πώποτε,</em></span> <span class='ocrx_word' id='word_1_306' title='bbox 1140 4204 1204 4257; x_wconf 78' lang='grc' dir='ltr'><em>οὔτε</em></span> <span class='ocrx_word' id='word_1_307' title='bbox 1217 4206 1271 4264; x_wconf 84' lang='grc' dir='ltr'><em>τις“</em></span> <span class='ocrx_word' id='word_1_308' title='bbox 1293 4209 1345 4256; x_wconf 89' lang='lat' dir='ltr'>eto.</span> 
     </span>
    </p>
   </div>
   <div class='ocr_carea' id='block_1_5' title="bbox 248 4293 1345 4362">
    <p class='ocr_par' dir='ltr' id='par_1_6' title="bbox 248 4293 1345 4362">
     <span class='ocr_line' id='line_1_35' title="bbox 248 4293 1345 4362; baseline -0.004 -14"><span class='ocrx_word' id='word_1_309' title='bbox 248 4293 269 4362; x_wconf 78' lang='lat'>²)</span> <span class='ocrx_word' id='word_1_310' title='bbox 290 4295 325 4348; x_wconf 82' lang='lat' dir='ltr'>cf.</span> <span class='ocrx_word' id='word_1_311' title='bbox 346 4295 475 4362; x_wconf 86' lang='lat' dir='ltr'>exempli</span> <span class='ocrx_word' id='word_1_312' title='bbox 499 4311 588 4347; x_wconf 80' lang='lat' dir='ltr'>causa</span> <span class='ocrx_word' id='word_1_313' title='bbox 610 4294 775 4358; x_wconf 81' lang='grc' dir='ltr'>ΙΙ.11703;</span> <span class='ocrx_word' id='word_1_314' title='bbox 797 4296 827 4348; x_wconf 90' lang='lat' dir='ltr'><strong>X</strong></span> <span class='ocrx_word' id='word_1_315' title='bbox 846 4295 913 4358; x_wconf 75' lang='grc'>299;</span> <span class='ocrx_word' id='word_1_316' title='bbox 936 4295 994 4346; x_wconf 90' lang='grc' dir='ltr'>ΧΠ</span> <span class='ocrx_word' id='word_1_317' title='bbox 1014 4294 1078 4356; x_wconf 81' lang='grc'><strong>212;</strong></span> <span class='ocrx_word' id='word_1_318' title='bbox 1102 4295 1190 4346; x_wconf 88' lang='lat' dir='ltr'>XVII</span> <span class='ocrx_word' id='word_1_319' title='bbox 1208 4293 1255 4356; x_wconf 79' lang='lat'>243</span> <span class='ocrx_word' id='word_1_320' title='bbox 1280 4294 1345 4345; x_wconf 87' lang='lat' dir='ltr'>sim.</span> 
     </span>
    </p>
   </div>
   <div class='ocr_carea' id='block_1_6' title="bbox 177 4383 1226 4509">
    <p class='ocr_par' dir='ltr' id='par_1_7' title="bbox 177 4383 1226 4509">
     <span class='ocr_line' id='line_1_36' title="bbox 177 4383 642 4453; baseline -0.004 -17"><span class='ocrx_word' id='word_1_321' title='bbox 177 4384 241 4436; x_wconf 73' lang='lat' dir='ltr'>orae</span> <span class='ocrx_word' id='word_1_322' title='bbox 260 4384 313 4453; x_wconf 63' lang='lat' dir='ltr'>rep</span> <span class='ocrx_word' id='word_1_323' title='bbox 333 4384 397 4436; x_wconf 73' lang='lat' dir='ltr'>oea</span> <span class='ocrx_word' id='word_1_324' title='bbox 415 4384 443 4437; x_wconf 86' lang='lat' dir='ltr'>v</span> <span class='ocrx_word' id='word_1_325' title='bbox 457 4383 506 4445; x_wconf 79' lang='lat'>223</span> <span class='ocrx_word' id='word_1_326' title='bbox 525 4384 569 4435; x_wconf 87' lang='lat' dir='ltr'>vr</span> <span class='ocrx_word' id='word_1_327' title='bbox 584 4383 642 4434; x_wconf 78' lang='lat' dir='ltr'>iao.</span> 
     </span>
     <span class='ocr_line' id='line_1_37' title="bbox 1213 4470 1226 4509; baseline 0 0"><span class='ocrx_word' id='word_1_328' title='bbox 1213 4470 1226 4509; x_wconf 80' lang='lat'><em>8</em></span> 
     </span>
    </p>
   </div>
   <div class='ocr_carea' id='block_1_7' title="bbox 0 0 1653 5206">
    <p class='ocr_par' dir='ltr' id='par_1_8' title="bbox 0 0 1653 5206">
     <span class='ocr_line' id='line_1_38' title="bbox 0 0 1653 5206; baseline 0 0"><span class='ocrx_word' id='word_1_329' title='bbox 0 0 1653 5206; x_wconf 95' lang='lat' dir='ltr'> </span> 
     </span>
    </p>
   </div>
  </div>
 </body>
</html>
