3286 5206
802 469 980 530 -Ῑὸ-

309 634 443 698 motum
466 651 530 697 nec
553 655 578 695 τι
600 631 725 698 vocula
747 633 923 719 ἐξαμαρτεῖν
939 630 1046 697 verbo
1063 631 1196 714 regenti
1213 631 1373 717 apposita
1388 633 1482 716 sith,

310 758 452 805 causam
480 758 557 805 eam
586 758 660 804 esse
690 738 825 824 opinor,
855 740 949 824 quod
972 739 1023 802 καί
1043 740 1099 803 πού
1122 763 1147 803 τι
1170 741 1217 802 καὶ
1239 743 1419 824 tamquam
1443 739 1483 805 in

308 843 491 913 formulam
526 843 640 913 abisse
674 846 819 912 videtur.
868 843 1052 912 Simillima
1087 845 1179 913 enim
1211 845 1337 912 locutio
1366 851 1483 912 exstat

309 951 416 1019 Thuc.
441 951 475 1019 ΙΙ
499 950 575 1030 872
604 954 714 1016 ...κατ’
738 954 794 1017 πού
823 978 848 1017 τι
876 956 923 1016 καὶ
949 956 967 1040 τ’)
996 953 1115 1039 ἀπειρία
1139 953 1207 1030 τοὺς
1228 960 1347 1040 πρῶτον
1370 977 1481 1038 ναυμα-

309 1066 435 1150 χοῦντας
460 1058 599 1149 ἔσφηλενς
630 1056 736 1145 Seph.
762 1056 853 1124 Phil.
879 1057 958 1126 308:
990 1061 1103 1123 ἐλεοῦσι
1127 1059 1193 1144 μέν,
1222 1059 1273 1122 καί
1297 1061 1353 1124 πού
1381 1085 1406 1123 τι
1435 1062 1484 1124 καὶ

307 1169 408 1254 βορᾶς
430 1168 525 1254 μέρος
546 1167 741 1260 1ττροσέόοσακ.
782 1163 965 1232 simillime
988 1170 1176 1251 usurpatur
1199 1165 1237 1230 οὔ
1258 1165 1286 1229 τί
1298 1190 1354 1230 που
1371 1162 1479 1250 Soph.

309 1272 390 1340 Ant.
409 1271 489 1351 381;
514 1270 605 1339 Phil.
625 1271 719 1339 1233.
738 1312 782 1320 —
809 1270 910 1338 Alter
932 1271 1028 1338 locus
1053 1276 1105 1338 est
1119 1274 1159 1337 II
1174 1273 1199 1354 β
1212 1269 1244 1351 6,
1268 1269 1329 1337 ubi
1346 1271 1482 1339 codices

307 1378 488 1466 praebent:
519 1382 545 1444 εἷ
572 1381 607 1443 δὲ
630 1382 673 1468 μὴ
702 1382 748 1443 καὶ
777 1381 822 1442 ἐπὶ
849 1384 909 1456 τοῖς
935 1379 1057 1464 ἱματίοις
1083 1379 1246 1466 διεφθάρη,
1275 1376 1335 1442 ἀλλ’
1361 1379 1486 1465 ἑτέρους

308 1469 379 1552 ἰδὼν
403 1487 474 1551 ἄλλο
498 1512 523 1551 τι
543 1490 632 1551 κακὸν
648 1491 810 1563 ποιοῦντας,
834 1487 881 1550 ἵνα
893 1488 935 1573 μὴ
948 1488 1078 1574 μηνυτὴς
1092 1491 1143 1549 τοῦ
1159 1486 1342 1573 ἀδικήματος
1354 1485 1481 1573 γένηται,

308 1594 459 1658 ἀπέθανεν
488 1591 531 1658 ὑπ’
558 1597 669 1670 αὐτῶν,
694 1594 735 1670 τίς
756 1593 833 1672 οἰδα
857 1590 1025 1659 Reiskius
1051 1611 1196 1678 cumque
1221 1612 1260 1658 eo
1284 1590 1424 1676 Kayser
1448 1597 1483 1659 et

307 1697 544 1766 Jernstodtius
568 1704 856 1784 transposuerunt
880 1703 906 1764 ei
929 1701 963 1763 δὲ
987 1702 1033 1763 καὶ
1050 1701 1099 1786 μὴ.
1141 1697 1382 1766 Consideranti
1397 1718 1480 1765 vero

307 1805 405 1873 illam
421 1826 526 1892 quam
543 1806 689 1892 exposui
703 1805 935 1891 Antiphontis
952 1806 1238 1872 consuetudinem
1256 1806 1352 1872 codd.
1372 1805 1482 1890 scrip-

309 1917 385 1979 tura
409 1935 495 1981 sana
517 1914 675 1999 iustaque
700 1933 774 1980 esse
797 1912 983 1980 videbitur.

397 2017 591 2087 Veniamus
620 2040 714 2087 nunc
742 2021 788 2086 ad
817 2018 923 2086 aliam
951 2019 1206 2104 proprietatem.
1260 2021 1288 2085 V
1316 2017 1359 2086 38
1387 2018 1480 2085 enim

308 2127 476 2211 scripturn
499 2126 658 2194 videmus
683 2130 730 2191 καὶ
754 2147 831 2193 cum
855 2128 917 2191 εἶτα
940 2127 977 2192 in
1001 2125 1075 2215 κᾷτα
1100 2123 1287 2192 conflatum
1311 2131 1413 2211 atque
1429 2126 1478 2194 ita

308 2217 459 2326 quidem,
483 2237 522 2298 ut
544 2231 611 2299 hac
634 2253 718 2300 voce
744 2233 834 2299 duae
857 2235 1010 2300 actiones
1034 2233 1226 2299 secundum
1242 2236 1381 2317 tempus
1399 2252 1480 2299 oon-

308 2339 494 2432 tinuentur.
542 2337 595 2405 aa
624 2345 740 2406 autem
764 2344 816 2406 est
839 2339 913 2428 κᾷτα
937 2338 1081 2406 voculae
1105 2341 1209 2418 ratio,
1237 2343 1276 2404 ut
1300 2339 1394 2424 apud
1418 2359 1480 2425 op-

302 2445 410 2512 timos
435 2448 617 2540 scriptores
640 2451 779 2512 tantum
802 2447 839 2512 in
855 2446 1116 2528 indignantium
1132 2445 1402 2529 interrogatione
1418 2466 1481 2530 po-

308 2558 410 2618 natur
427 2535 459 2597 ὲ
479 2537 592 2631 „itane
607 2561 723 2632 verm,
743 2553 835 2630 „also
851 2551 1065 2631 wi1·klich‘?“‚
1083 2552 1177 2636 apud
1193 2550 1279 2619 alios
1297 2551 1480 2637 quosdam,

309 2659 443 2725 etiamsi
467 2659 651 2738 rarissime,
676 2660 859 2744 participio
884 2658 1124 2743 subiungatur,
1151 2663 1191 2724 ut
1214 2658 1341 2724 arctius
1359 2677 1480 2724 conec-

308 2770 425 2832 tantur
448 2766 622 2850 participii
647 2770 680 2830 et
703 2765 801 2832 verbi
824 2763 916 2832 finiti
939 2765 1134 2847 actiones2).
1171 2763 1357 2849 Antiphon
1373 2765 1481 2846 igitur

308 2872 345 2937 in
369 2873 396 2938 V
420 2870 463 2938 38
487 2876 514 2936 οἱ
533 2874 589 2957 μὲν
605 2873 687 2936 ἄλλοι
698 2921 705 2936 .
718 2921 745 2937 ..
764 2875 913 2937 κλέπτουσι
929 2871 988 2962 κᾷτ’
1008 2873 1179 2959 ἀφανίζουσι
1193 2869 1389 2938 liberiorem
1406 2871 1481 2937 Sive

308 2979 492 3060 vulgarem
508 2979 646 3045 dicendi
663 2979 951 3046 consuetudinem
967 2983 1106 3046 secutus
1123 2997 1198 3044 esse
1214 2977 1363 3056 videtur,
1380 2978 1480 3043 cuius

307 3082 403 3151 haud
427 3105 538 3169 pauca
563 3084 723 3170 exempla
746 3085 783 3151 in
807 3084 1022 3152 sermonibus
1044 3084 1301 3168 tragoediarum
1317 3084 1479 3168 reperies

398 3187 485 3255 Cum
497 3190 754 3274 neglegentium
770 3192 933 3258 orationis
947 3189 1216 3258 conformandae
1228 3190 1361 3257 ratione
1375 3190 1481 3256 etiam

308 3296 394 3362 illud
418 3303 509 3364 arcte
534 3295 704 3377 cohaeret,
729 3299 820 3384 quod
843 3296 1029 3384 Antiphon
1054 3296 1289 3382 compluribus
1312 3295 1480 3364 membris

308 3405 504 3480 ἀσονὸετικῶς
533 3408 572 3468 ut
599 3404 648 3470 ita
672 3405 790 3471 dicam
819 3407 992 3472 adiunctis
1022 3411 1173 3473 extremo
1203 3409 1250 3470 καὶ
1277 3405 1477 3490 praemittit.

308 3508 400 3576 Nam
417 3515 477 3577 aut
492 3510 750 3596 polysyndeton
763 3518 899 3597 ponunt
912 3511 1046 3592 Graeci,
1060 3513 1096 3578 id
1110 3513 1200 3598 quod
1212 3512 1478 3578 usitatissimum

309 3621 370 3696 est,
399 3622 458 3684 aut
481 3638 623 3703 prorsus
648 3620 852 3704 asyndeton.
901 3622 948 3687 vl
973 3620 1015 3688 39
1033 3626 1145 3686 exstat
1161 3623 1208 3684 καὶ
1219 3621 1297 3705 μετὰ
1313 3623 1399 3683 τοῦτο
1416 3644 1478 3684 σνν-

308 3728 383 3813 ῆσάν
402 3751 455 3810 μοι
477 3729 525 3790 καὶ
548 3727 712 3809 διελέγοντο
736 3729 766 3790 ἐν
790 3734 850 3804 τοῖς
871 3731 970 3815 ἱεροῖς,
995 3730 1025 3791 ἐν
1041 3732 1076 3815 τῇ
1093 3731 1203 3815 ἀγορᾷ,
1225 3729 1255 3790 ἐν
1271 3730 1305 3814 τῇ
1321 3728 1377 3814 ἐμῇ
1393 3726 1478 3814 οἰκίᾳ,

308 3834 339 3895 ἐν
362 3837 397 3920 τῇ
420 3833 552 3921 σφετέρᾳ
576 3836 673 3897 αὐτῶν
697 3836 752 3897 καὶ
775 3835 903 3921 ἑτέρωθι
927 3839 1088 3924 πανταχοῦ.

398 3936 501 4005 Nunc
530 3939 715 4005 dicendum
742 3940 880 4006 videtur
910 3942 952 4006 de
979 3941 1068 4007 mira
1096 3940 1178 4006 sede
1206 3942 1253 4004 rai
1279 3937 1477 4024 particulae.

309 4042 456 4111 Duobus
480 4045 572 4111 enim
595 4043 679 4112 locis
704 4065 746 4111 ex
770 4046 949 4112 enuntiato
973 4047 1137 4132 primario
1161 4051 1294 4113 remota
1316 4046 1353 4111 in
1369 4065 1479 4110 enun-

308 4152 434 4218 tiatum
463 4153 646 4219 relativum
674 4153 885 4237 transposita
914 4159 973 4220 est.
1022 4154 1094 4220 Μ
1122 4153 1289 4238 scriptum
1318 4173 1391 4219 esse
1421 4172 1478 4218 ox-

382 4296 402 4362 1)
423 4296 457 4347 cf.
479 4297 521 4348 VI
542 4297 554 4347 1
576 4293 634 4348 ἀλλ’
655 4295 745 4356 εἴτις
763 4297 805 4348 καὶ
825 4297 954 4366 συμφορὰ
974 4297 1098 4365 γίγνοιτο.

381 4383 401 4448 ²)
422 4385 457 4436 cf.
476 4383 609 4450 Madvig,
629 4385 712 4452 Synt.
733 4385 759 4437 d.
779 4399 823 4449 gr.
844 4386 908 4452 Spr.
929 4384 1047 4452 stica:
1067 4383 1118 4437 185
1137 4385 1226 4436 Anm.
1240 4385 1265 4436 6.
