3286 5206
735 485 949 545 ·-30—

278 647 361 710 λύετε
375 648 461 734 ἡμᾶς,
477 644 538 712 ubi
553 644 660 712 verba
676 646 814 728 εὐσέβεια
830 648 925 710 καὶτὸ
941 645 1062 718 δίκαιον,
1080 664 1159 710 omn
1174 643 1295 710 itidem
1311 648 1451 729 propter

279 753 367 829 ὁσίως
392 753 443 817 καί
467 753 588 828 δικαίως
613 771 712 820 suam
740 756 922 837 utrumque
951 749 1109 826 habeant
1129 751 1349 834 dignitatem,
1379 769 1452 816 non

277 863 351 925 tam
375 863 466 926 arcte
490 858 678 941 constringi
702 858 903 926 debuerunt.

368 963 489 1031 Unum
511 969 619 1032 restat
642 963 851 1050 exemplum,
876 965 968 1050 quod
991 964 1144 1030 maxime
1165 961 1316 1030 offendat
1330 963 1451 1046 legen-

279 1078 364 1152 tem,
391 1074 411 1139 I
437 1071 479 1138 14
506 1074 581 1160 ἀνὴρ
610 1075 717 1149 καλός
738 1097 773 1136 τε
796 1075 852 1136 καὶ
875 1071 1016 1155 ἀγαθὸς
1037 1074 1090 1136 καῖ
1106 1073 1202 1158 φίλος
1230 1067 1313 1149 hoc,
1341 1076 1379 1136 ut
1403 1071 1454 1136 ait

279 1177 455 1258 Sohaefer,
490 1179 627 1262 longius
660 1199 680 1245 a
710 1178 848 1262 vulgari
878 1176 1086 1247 Graecorum
1121 1198 1278 1244 sermone
1312 1178 1450 1244 recedit.

280 1283 447 1354 Concedo.
500 1282 569 1352 Sed
596 1286 826 1372 reputandum
855 1291 908 1353 est
934 1284 996 1352 illa
1023 1284 1131 1352 verba
1159 1288 1248 1361 καλὸς
1274 1289 1308 1351 et
1335 1285 1455 1368 ἀγαθὸς

279 1398 391 1459 aetate
413 1391 657 1478 Antiphontea
679 1413 751 1460 non
774 1394 876 1459 modo
900 1413 972 1459 non
996 1392 1186 1459 constantis
1211 1389 1377 1458 formulae
1399 1389 1452 1458 lo-

280 1519 358 1566 cum
382 1498 581 1579 obtinuisse,
605 1500 665 1566 sed
688 1519 733 1565 ne
755 1500 837 1566 trita
861 1501 1001 1586 quidem
1022 1491 1128 1566 fuisse
1151 1500 1271 1565 eodem
1289 1519 1355 1585 quo
1372 1503 1453 1584 post

279 1603 428 1673 Socratis
451 1607 653 1673 memoriam
678 1626 790 1676 sensu.
843 1605 941 1687 Quae
965 1606 1123 1693 quamvis
1146 1607 1196 1672 ia
1219 1606 1304 1684 sint,
1333 1611 1452 1672 tamen

278 1733 350 1780 non
372 1710 508 1795 Ignatio
538 1712 730 1800 adstipulor
752 1738 784 1778 τε
807 1715 853 1780 ad
876 1712 1024 1781 alterum
1047 1716 1095 1778 καὶ
1116 1709 1282 1779 referenti.
1340 1709 1452 1777 Immo

279 1845 310 1884 τε
333 1823 380 1886 καὶ
403 1827 494 1887 arcte
517 1818 781 1887 cohaerentibus
806 1823 896 1898 καλὸς
917 1825 950 1887 et
974 1821 1093 1904 ἀγαθὸς
1114 1821 1150 1885 in
1174 1838 1283 1885 unum
1308 1815 1453 1885 confun-

280 1921 359 1994 dere
382 1928 534 1995 voluisse
559 1933 726 1995 oratorem
749 1946 952 2014 persuasum
976 1925 1099 2005 habco,
1123 1926 1172 1992 ita
1195 1923 1312 1992 uthis
1336 1923 1452 1991 verbis

278 2055 360 2113 una,
383 2036 467 2122 φίλος
487 2034 593 2102 verbo
617 2035 726 2101 altera
749 2033 911 2101 Philonei
934 2035 1045 2100 virtus
1069 2032 1330 2118 praedicaretur.

368 2139 601 2208 Transeamus
617 2162 710 2208 nunc
726 2142 771 2208 ad
786 2161 914 2209 novam
929 2139 1161 2227 Antiphontis
1181 2140 1218 2205 in
1236 2138 1452 2224 0101ρο111-

280 2247 435 2315 cularum
458 2268 523 2313 usu
547 2248 801 2332 proprietatem,
842 2243 993 2313 Fuhrius
1010 2247 1047 2312 in
1063 2244 1311 2325 Mucianae,
1335 2266 1367 2331 p.
1386 2243 1452 2312 578

279 2373 350 2438 sqq.
369 2351 461 2420 hanc
480 2351 594 2437 legem
610 2353 800 2420 constituit:
835 2351 919 2430 „Die
935 2351 1075 2419 Redner
1092 2351 1196 2434 (auch
1212 2351 1452 2420 Anaximenes

278 2459 353 2534 und
388 2459 447 2525 der
477 2457 656 2526 Verfasser
690 2479 771 2526 vom
801 2457 920 2526 Staate
956 2461 1016 2526 der
1043 2457 1216 2543 Athener)
1252 2456 1452 2525 vermeiden

280 2563 407 2634 ebenso
435 2567 501 2632 uic
530 2566 585 2633 die
609 2562 769 2633 olficielle
793 2563 961 2652 Spraohe‚
991 2566 1044 2633 die
1073 2563 1134 2632 auf
1154 2565 1221 2632 den
1243 2561 1453 2632 lnschriftcn

280 2670 466 2752 ascheim,
496 2670 564 2739 fast
591 2692 682 2755 ganz
710 2673 765 2740 die
789 2670 1165 2755 1101010110ος0101ι
1192 2673 1280 2754 (1.0.
1307 2671 1451 2737 alterum

279 2779 377 2844 iuxta
404 2778 550 2846 alterum
577 2778 755 2866 positum).
803 2777 983 2846 'fabellam
1012 2786 1142 2857 autem,
1170 2798 1274 2864 quam
1298 2776 1452 2844 Fuhrius

280 2885 427 2964 addidit,
463 2885 777 2971 contemplantibus
813 2887 1006 2952 accuratius
1041 2885 1090 2952 sic
1121 2885 1345 2952 iudicandum
1376 2904 1452 2950 esse

279 2990 379 3057 nobis
402 2991 551 3061 videtur:
577 3012 645 3077 quo
669 2989 905 3076 perfectiorem
929 2993 1076 3075 gradum
1100 3012 1213 3059 sermo
1235 2989 1372 3057 Atticus
1396 3011 1452 3058 as-

280 3098 405 3177 cendit,
430 3118 468 3165 eo
492 3099 606 3181 magis
629 3123 661 3162 τε
683 3101 731 3163 καὶ
753 3099 897 3166 voculae
913 3099 1012 3165 iuxta
1028 3099 1162 3184 positae
1177 3099 1341 3165 vitantur.
1376 3096 1452 3163 lam

279 3203 535 3290 subsequantur
554 3202 679 3271 Fuluii
701 3203 807 3273 verba
831 3209 875 3290 (p.
895 3204 991 3290 582):
1032 3203 1129 3284 „Wir
1144 3203 1252 3271 sehon
1269 3209 1369 3270 unter
1384 3204 1451 3269 den

280 3307 478 3396 Boispielen
502 3332 559 3378 am
574 3313 722 3380 meisten
738 3318 910 3379 vertreten
925 3311 1165 3397 pronominale
1178 3309 1451 3393 Verbindungen

281 3420 349 3505 (ἐμέ
375 3443 407 3483 τε
435 3421 482 3483 καὶ
509 3421 646 3504 ἑαυτὸν),
675 3417 968 3504 sprichwiirtliche
996 3417 1235 3485 Redensarten
1264 3422 1328 3500 (νῦν
1351 3443 1382 3482 τε
1405 3421 1453 3482 καὶ

280 3527 436 3614 πρότερον,
461 3526 519 3591 ἄνα
543 3551 574 3591 τε
597 3529 644 3591 καὶ
659 3529 754 3611 κάτω)
772 3527 855 3593 zwei
871 3525 1100 3593 Zeitwiirter“.
1142 3523 1274 3606 Quodsi
1290 3523 1452 3591 0111111100

279 3653 366 3718 pura
399 3631 595 3700 Atticorum
633 3634 764 3700 ratione
797 3629 1074 3720 Antiphonteam
1113 3651 1363 3718 comparamus,
1398 3632 1452 3697 in-

280 3739 424 3824 signiter
447 3738 604 3819 elucebit,
629 3744 797 3826 quantum
821 3739 865 3806 ab
887 3738 948 3806 illa
964 3740 1133 3825 discrepet
1148 3743 1182 3805 et
1198 3743 1368 3824 quatenus
1384 3736 1451 3804 hoo

281 3868 416 3934 quoque
443 3848 480 3913 in
508 3867 575 3914 usu
600 3851 783 3932 poetarum
811 3847 959 3930 vestigia
987 3844 1454 3932 00000000101·;114καλύς

280 3979 312 4019 τε
338 3953 540 4037 011ὶά001110
569 3952 613 4020 20
636 3951 718 4038 ὑμεῖς
739 3978 770 4017 τε
790 3956 837 4018 καὶ
857 3957 884 4017 οἱ
906 3953 987 4032 decb
1012 3953 1085 4019 sim.
1113 3951 1170 4031 23;
1196 3951 1253 4030 28;
1277 3949 1379 4030 V413
1404 3951 1451 4018 VI

280 4058 338 4139 50;
363 4059 446 4126 item
469 4060 506 4125 in
529 4057 652 4126 tetrall.
677 4061 717 4126 II
741 4060 896 4138 e7;111
920 4057 989 4138 d8;
1014 4060 1062 4126 lv
1087 4058 1159 4137 u1;
1186 4057 1247 4141 71.

368 4164 552 4232 Praeterea
564 4171 679 4232 autem
691 4172 848 4232 nostrum
860 4166 930 4232 iam
942 4165 977 4231 id
989 4166 1104 4251 ipsum
1114 4171 1296 4250 spectasse,
1310 4169 1349 4230 ut
1358 4165 1451 4230 inso-

279 4271 379 4346 litam
402 4270 500 4339 illam
524 4270 783 4340 collocationem
807 4271 960 4350 evitaret,
984 4269 1160 4338 nonnullis
1185 4269 1350 4356 exemplis
1366 4269 1451 4336 mire

281 4377 502 4446 conformatis
524 4377 628 4466 plane
652 4383 686 4445 et
708 4378 887 4465 perspicue
912 4377 1161 4464 comprobatm.
1203 4375 1308 4444 Velut
1329 4380 1350 4444 1
1371 4375 1413 4444 18
1434 4381 1451 4440 ὁ
