3286 5206
664 486 842 546 ..17-

161 650 320 735 μάρτνρας
338 649 503 735 παρέξομαι
523 648 597 713 sive
617 649 861 736 παρασχήσομαιῑ
887 647 914 712 V
934 644 992 724 2ος
1020 645 1078 725 22;
1101 644 1158 725 24;
1180 644 1238 724 28;
1260 665 1336 712 ver-

163 754 288 821 borum
312 755 393 821 sede
416 758 551 820 mutata
574 753 618 821 30
641 754 806 841 παρέξομαι
830 754 864 818 δὲ
887 754 998 818 τούτων
1012 754 1081 829 τοὺς
1097 754 1263 840 μάρτυρας.
1301 749 1332 815 V

165 859 207 928 35
236 862 271 925 δὲ
299 881 377 928 cum
411 863 616 947 imperativo
653 860 889 943 coniungitur,
925 859 1018 945 quod
1045 879 1210 944 persaepe
1240 859 1336 945 apud

165 967 252 1035 alios
277 973 428 1036 oratores
453 968 644 1036 invenitur:
670 969 781 1032 τούτων
805 969 840 1032 δὲ
858 969 1018 1054 μάρτυράς
1036 992 1088 1052 μοι
1112 969 1201 1030 κάλει.

256 1108 402 1178 Constat
434 1112 524 1177 inter
559 1131 678 1178 ornnes
712 1114 759 1176 καὶ
789 1131 868 1177 cum
897 1112 931 1175 δὲ
958 1109 1131 1196 particula
1159 1109 1336 1192 coniungi,

168 1215 302 1294 „sofern
326 1220 382 1285 ein
406 1216 523 1285 Neues
548 1217 771 1285 ebensowchi
794 1217 845 1284 als
864 1214 1116 1300 Gleichartiges
1142 1213 1335 1300 aufgefasst

166 1327 238 1391 und
263 1325 444 1409 angereiht
466 1327 605 1393 werden
629 1326 740 1405 kann,
769 1326 835 1391 wie
859 1324 911 1393 als
935 1323 1211 1392 Verschiedenes
1222 1327 1281 1409 1)“,
1305 1328 1338 1390 et

167 1433 261 1518 apud
289 1437 419 1498 ceteros
443 1433 642 1515 graecitatis
666 1436 823 1498 auctores
847 1429 1051 1498 huiusmodi
1075 1432 1234 1517 exempla
1257 1428 1338 1516 pius

165 1539 327 1606 minusve
351 1539 543 1621 inveniri2).
584 1536 771 1605 Isocratem
786 1557 855 1606 uno
872 1537 947 1605 loco
965 1543 1106 1624 excepto
1123 1537 1218 1604 hunc
1232 1557 1338 1604 usum

165 1646 405 1731 repudiavisse
422 1643 681 1732 Ljungdahlius
697 1644 718 1712 1.
733 1644 754 1712 l.
768 1667 801 1730 p.
816 1644 858 1712 32
875 1649 1035 1724 testatum
1053 1642 1240 1731 Antiphon
1256 1657 1337 1711 vero

165 1750 232 1818 hac
256 1751 397 1838 quidem
422 1750 663 1818 coniunctione
686 1748 791 1835 piane
816 1749 1002 1842 abstinuit,
1032 1752 1092 1817 sed
1117 1769 1220 1836 saepe
1245 1750 1338 1836 apud

167 1879 247 1925 eum
274 1857 340 1925 has
369 1858 556 1944 particulas
584 1863 716 1926 mutato
738 1858 866 1944 ordine
894 1859 1098 1925 coniunctas
1125 1856 1336 1940 invenimus.

167 1963 246 2045 Qua
261 1965 309 2031 'in
337 1984 373 2031 re
400 1971 578 2050 praetcrea
605 1964 673 2032 hoc
701 1965 826 2032 oratori
848 1966 1025 2050 proprium
1050 1969 1116 2043 est,
1145 1964 1237 2050 quod
1259 1983 1338 2049 per-

166 2070 286 2138 multis
308 2069 427 2155 locis3)
451 2073 540 2138 inter
556 2073 591 2136 δὲ
607 2077 640 2138 et
656 2075 703 2137 καὶ
717 2092 827 2138 unum
842 2071 899 2139 vel
916 2070 1093 2157 complura
1109 2069 1215 2137 verba
1231 2071 1338 2136 inter-

165 2197 293 2264 ponere
317 2178 411 2246 solet.
452 2176 623 2264 Exempla
647 2175 766 2246 affero:
791 2178 873 2246 131
899 2179 979 2264 οἶμαι
1002 2180 1112 2243 δὲκαὶ.
1152 2175 1254 2254 vsa
1277 2174 1338 2254 463

165 2283 233 2351 49*
262 2289 395 2349 mensim
423 2286 472 2359 δέ,
501 2286 527 2349 ὦ
556 2286 678 2372 ἄνδρες,
708 2289 754 2349 καὶ
780 2288 813 2350 ἐκ
840 2291 900 2349 τοῖν
926 2286 1037 2366 hiscam
1066 2284 1123 2361 513
1152 2281 1229 2361 65*;
1259 2281 1337 2365 6ῗῇ

166 2389 244 2468 74*;
269 2387 327 2468 81;
351 2388 410 2467 82ς
434 2389 492 2468 84;
517 2389 575 2469 85;
600 2390 666 2458 91*
692 2389 747 2473 (cf.
766 2390 832 2470 67).
874 2389 993 2468 vl1*;
1017 2386 1235 2467 28=V843
1257 2387 1336 2456 33*.

166 2493 1337 2584 Intetralogiistaliaexstantllss4373111ss9379;1Vss5*;

170 2603 246 2683 γ1;
271 2601 428 2681 5*;d4;
453 2601 489 2681 5;
513 2602 543 2670 8.

258 2740 334 2809 Hoc
363 2763 405 2809 ex
427 2741 659 2829 Antiphontis
686 2765 794 2824 more,
825 2765 890 2830 quc
919 2745 1108 2810 oraticnem
1132 2745 1168 2807 δὲ
1190 2744 1268 2826 t...)
1295 2747 1341 2807 καὶ

167 2849 348 2934 particulis
378 2852 581 2917 continuare
610 2850 710 2929 solet,
739 2849 949 2936 permultum
977 2850 1151 2917 redundat
1178 2850 1224 2915 ad
1254 2849 1340 2916 duos

167 2953 261 3023 locos
290 2956 438 3022 tuendos
463 2977 503 3023 ac
527 2955 770 3024 defendendos.
811 2959 839 3023 V
863 2956 883 3024 6
908 2957 999 3023 enirn
1023 2958 1060 3023 in
1084 2956 1260 3023 codicibus
1282 2977 1340 3022 ex·
1396 3013 1398 3017 .

168 3067 301 3130 aratur:
320 3064 434 3152 ἀνάγκη
451 3063 486 3127 δὲ
501 3065 703 3128 κινδυνεύοντα
720 3067 786 3152 περὶ
798 3067 881 3151 αὐτῷ
894 3066 943 3129 καί
953 3066 1008 3129 πού
1021 3089 1046 3128 τι
1058 3067 1104 3128 καὶ
1116 3066 1291 3151 ἐξαμαρτεῖν
1297 3063 1340 3146 4);

170 3188 237 3254 quo
261 3170 298 3235 in
323 3171 500 3236 enuntiato
523 3171 620 3262 prius
637 3173 684 3235 rui
699 3190 778 3236 cum
795 3171 829 3234 δὲ
846 3170 1080 3238 consociatum
1097 3161 1243 3237 orationi
1259 3190 1340 3236 cen-

167 3276 360 3341 tinuandae
385 3277 524 3355 servire,
549 3276 695 3342 alterum
718 3279 765 3340 καὶ
789 3277 993 3342 intendendi
1016 3276 1088 3341 vim
1103 3274 1233 3343 habere
1249 3281 1340 3342 recte

168 3381 300 3447 iudicat
323 3379 509 3448 Maetnner.
557 3379 627 3447 Cur
651 3386 697 3446 καὶ
719 3380 786 3448 hcc
809 3382 883 3448 loce
907 3381 1046 3464 longius
1070 3382 1161 3448 iusto
1186 3402 1207 3448 a
1231 3384 1265 3446 δὲ
1288 3401 1340 3448 re-

244 3596 264 3662 l)
285 3597 451 3662 B'eumlcin,
469 3599 486 3649 l.
508 3612 530 3647 c.
550 3613 578 3662 p.
595 3596 644 3648 148
664 3597 720 3649 sub
734 3617 755 3650 ε.

240 3684 262 3753 ²)
283 3685 554 3738 Rauchensteinius
579 3685 616 3736 ad
640 3687 728 3738 Isocr.
753 3686 820 3750 VII,
842 3685 875 3738 49
901 3687 997 3738 affert:
1025 3687 1083 3750 ,uui
1104 3717 1136 3722 —
1157 3687 1187 3739 δὲ
1211 3687 1257 3738 bei
1283 3685 1341 3738 den

170 3776 313 3828 Rednern
332 3775 386 3827 mit
405 3774 579 3827 Ausnahme
599 3774 651 3826 des
671 3775 886 3827 Demosthenes
906 3774 1024 3828 minder
1043 3775 1172 3840 h'aufigf‘

243 3862 265 3930 ³)
284 3865 346 3916 Hos
367 3864 506 3916 asterisco
526 3863 705 3928 significavi.

240 3951 262 4019 ⁴)
282 3953 415 4004 Blassius
440 3957 508 4005 ante
531 3953 577 4004 καί
598 3972 649 4004 πον
675 3953 861 4005 intercidisse
885 3955 1066 4024 ἐκπληχθῆναι
1085 3955 1135 4005 vei
1153 3954 1249 4006 simile
1269 3953 1342 4019 quid

170 4041 302 4092 coniecit.
340 4040 541 4093 Jernstcdtius
567 4049 635 4095 ante
662 4042 724 4110 περὶ
746 4044 820 4113 αὐτῷ
839 4043 963 4094 lacunae
982 4043 1070 4108 signa
1089 4044 1200 4108 posuit,
1224 4043 1341 4094 interci-

170 4128 249 4181 disse
263 4134 345 4182 ratus
359 4131 493 4199 ὀρρωδεῖν
505 4131 554 4182 vel
568 4130 649 4182 aliud
662 4131 788 4182 verbum
802 4131 935 4183 timendi.
960 4131 1166 4184 Bohlmannus
1179 4132 1208 4195 (l.
1219 4132 1237 4183 1.
1248 4147 1276 4196 p.
1287 4131 1342 4198 24),

170 4217 373 4270 Maetznerum
393 4224 521 4284 secutus,
539 4226 617 4272 recte
634 4222 817 4272 convertisse
831 4220 905 4271 mihi
918 4219 1049 4272 videtur:
1071 4219 1156 4285 „Und
1169 4220 1342 4284 nctwendig

170 4323 253 4360 muas
278 4307 374 4372 einer,
399 4307 451 4359 der
473 4308 527 4360 mit
553 4308 605 4360 der
628 4309 737 4372 cignen
756 4308 898 4362 Existenz
918 4310 949 4360 in
969 4308 1079 4361 Gefahr
1098 4308 1243 4373 schwebt,
1267 4308 1342 4359 auch

170 4395 250 4448 wohl
269 4410 324 4462 gar
343 4397 453 4448 einmai
471 4411 540 4448 vom
559 4396 720 4462 Richtigen
740 4396 883 4448 abirren.“
1285 4463 1288 4470 ,

1223 4482 1236 4522 a
