3286 5206
782 486 959 545 ,36-

288 652 330 722 et,
349 648 390 716 'II
408 648 438 730 β
458 645 480 713 4
504 647 625 722 ἄθλια.
652 699 659 713 .
686 699 692 713 .
722 649 832 736 πάσχω
851 647 898 734 μὴ
922 644 1140 728 ἀπολογεῖσθαι
1159 646 1252 730 μόνον
1274 646 1460 731 βιαζόμενος.

283 751 457 832 Omnium
484 773 566 824 vero
594 752 747 820 maxime
774 750 919 820 offendit
942 754 971 821 V
995 751 1052 831 21,
1086 751 1145 818 ubi
1173 752 1271 818 eodd.
1297 749 1463 818 exhibent

289 865 437 952 oponsius,
452 913 456 922 .
470 863 525 925 aa
540 861 597 949 ’μὴ
625 861 750 949 προνοίᾳ
773 863 886 947 μᾶλλον
914 860 1043 943 ἐγίγκετο
1070 858 1089 947 ἢ
1118 859 1198 947 τύχῃ.
1251 855 1353 938 Quod
1382 857 1463 942 quia

291 967 414 1034 oritiois
442 987 513 1033 non
540 966 787 1049 grammaticae
815 952 1005 1032 structurae
1037 963 1223 1032 subtilitati
1253 964 1462 1030 conveniens

290 1072 488 1152 videbatur,
516 1073 625 1158 textui
647 1071 820 1139 medelam
844 1069 964 1138 afferre
988 1071 1102 1137 eonati
1125 1074 1214 1137 sunt.
1266 1068 1343 1150 Qua
1366 1070 1403 1135 in
1426 1090 1463 1136 re

291 1200 429 1264 omnem
457 1201 595 1266 operam
623 1179 852 1266 perdiderunt.
896 1172 993 1272 Nam
1022 1197 1063 1245 ea
1091 1198 1158 1264 qua
1181 1175 1366 1262 Antiphon
1391 1181 1463 1243 erat

288 1283 597 1353 'aetatessdialeotus
621 1285 739 1353 Attioa
766 1287 803 1351 in
832 1285 962 1352 oriendi
990 1283 1231 1370 crescendique
1261 1283 1462 1350 condicione

290 1390 503 1470 versabatur.
526 1393 576 1458 ita
598 1398 638 1458 ut
660 1392 818 1457 nondum
838 1391 922 1458 ratis
942 1389 1118 1477 firmisque
1138 1389 1266 1474 regulis
1287 1392 1460 1457 niteretur.

291 1491 405 1584 Quare
427 1519 608 1586 perperam
632 1503 742 1580 agunt
765 1498 884 1578 critici,
908 1519 985 1564 cum
1003 1518 1061 1565 eas
1077 1498 1183 1582 leges
1209 1499 1253 1563 ad
1269 1517 1354 1583 quas
1372 1498 1462 1582 opti-

290 1625 425 1672 morum
453 1610 630 1671 auctorum
659 1604 766 1670 oratio
796 1604 986 1690 composita
1015 1609 1082 1683 est,
1117 1606 1221 1670 etiarn
1249 1602 1462 1691 Antiphonti

292 1711 471 1778 obtrudere
496 1712 645 1778 student.
682 1708 789 1777 Velut
806 1709 984 1778 Maetnner
1007 1708 1209 1797 simpliciter
1220 1712 1263 1800 μὴ
1280 1711 1317 1777 in
1334 1713 1369 1776 ob
1385 1731 1462 1777 rnu-

290 1819 393 1897 tavit;
422 1817 581 1912 Blassius
605 1815 730 1884 Jebbio
760 1823 899 1884 auctore
923 1819 1068 1884 correxit
1091 1821 1142 1902 (οὐ
1158 1822 1193 1906 τῇ
1209 1819 1295 1906 epu]
1349 1815 1461 1884 Immo

291 1944 333 2012 err¹
355 1924 589 2006 inconstantia
611 1922 682 2003 illa,
707 1909 812 2009 quam
836 1944 942 2010 supra
957 1925 1114 2004 tractavi,
1138 1924 1222 1990 satis
1239 1921 1398 2004 efficitur,
1422 1931 1462 1991 ut

290 2028 357 2097 hoe
379 2028 454 2098 loeo
474 2033 517 2118 μὴ
539 2030 709 2116 particula
732 2051 834 2096 suum
857 2029 986 2097 habeat
1007 2029 1167 2114 loeum1).

707 2725 758 2790 II.
787 2724 1042 2791 Disiunotirae.

659 2863 1090 2970 bdisiunotivum.

380 3042 399 3131 ἦ
427 3041 616 3128 particulae
644 3041 825 3124 vulgarem
852 3043 1020 3109 rationem
1048 3061 1124 3108 eam
1149 3061 1223 3108 esse
1248 3049 1395 3122 constat,
1423 3049 1462 3109 ut

285 3151 471 3216 enuntiata
495 3169 656 3216 eorumve
680 3148 835 3215 membra
858 3153 1052 3234 componat,
1076 3167 1164 3233 quae
1183 3147 1329 3214 alterum
1346 3149 1462 3215 exolu-

292 3257 376 3321 dani
399 3254 553 3322 alterum.
602 3254 784 3322 Praeterea
807 3262 922 3322 autem
945 3254 1047 3321 binas
1070 3256 1229 3321 notiones
1253 3256 1461 3338 coniungere

292 3360 390 3441 solet,
414 3382 561 3448 quarum·
583 3367 661 3429 utra
683 3369 833 3448 ponatur
855 3364 891 3428 in
915 3363 1028 3429 medio
1051 3360 1297 3447 relinquitur2).
1333 3360 1375 3427 In
1392 3382 1460 3448 quo

289 3488 417 3552 genere
440 3467 506 3535 hoe
528 3467 548 3557 ἢ
570 3466 667 3536 haud
693 3490 769 3536 raro
797 3470 975 3536 commode
1005 3472 1052 3534 καὶ
1080 3466 1205 3535 vocula
1231 3472 1345 3553 potest
1368 3489 1461 3535 oont-

286 3576 425 3642 mutari.
488 3575 605 3661 Atque
646 3574 704 3643 hio
743 3576 880 3661 quidem
920 3596 1002 3641 usus
1041 3572 1270 3660 Antiphontis
1309 3575 1462 3642 maxime

290 3683 450 3768 proprius
474 3689 534 3748 est.
576 3681 666 3749 Nam
689 3681 755 3764 hoo
777 3683 881 3749 modo
905 3687 1018 3750 orator
1036 3679 1134 3750 illam
1150 3701 1249 3747 suam
1266 3688 1461 3750 aoeuratam

292 3794 326 3882 et
360 3787 523 3856 subtilem
558 3790 689 3875 periodi
722 3791 873 3875 partium
906 3790 1162 3855 distinctionem
1192 3794 1226 3854 et
1255 3788 1461 3855 divisionem

292 3887 498 3980 assequitur,
527 3891 569 3960 de
593 3895 719 3979 quain
743 3897 790 3959 καὶ
813 3893 938 3962 vocula
962 3895 1228 3961 commentanda
1250 3896 1458 3961 monuimus,

292 3998 398 4066 Cuius
426 4001 561 4082 generis
590 4006 671 4066 sunt
696 4003 716 4066 Ι
743 4000 798 4080 4,4
827 4005 902 4089 πρὸς
928 4002 1007 4078 τίνας
1031 4000 1082 4066 οὖν
1106 3999 1179 4088 ἔλθῃ
1203 4025 1245 4077 τις
1264 4002 1413 4090 βοηθούς,
1441 4002 1460 4090 ἢ

293 4095 416 4196 ποῖ’τὴν
439 4105 612 4196 καταφυγὴν
635 4109 798 4196 ποιήσεως
825 4105 952 4186 10,8-9;
976 4106 1068 4186 26,7;
1092 4105 1254 4186 V38,5-6
1278 4111 1305 4173 εἷ
1411 4112 1462 4172 τὸν

260 4331 261 4334 “
364 4301 384 4369 1)
404 4301 619 4355 Jernstedtium
639 4303 738 4368 ipsum
758 4317 877 4368 quoque
896 4305 937 4354 ὅτι
955 4304 994 4372 μὴ
1013 4303 1171 4355 retinuisse
1191 4304 1315 4368 gaudeo.

363 4389 384 4458 ΔΖ)
405 4390 440 4442 ef.
460 4390 611 4455 Kuehner,
630 4392 648 4443 l.
661 4392 680 4443 1.
699 4406 727 4457 p.
741 4390 803 4456 836,
821 4393 846 4442 2.
