3286 5206
701 1245 913 1318 VITA.

311 1557 423 1627 Natus
454 1581 531 1626 sum
556 1558 752 1626 Guilelmus
776 1557 975 1625 Rosenthal
999 1560 1053 1625 die
1077 1557 1184 1624 XXV
1208 1581 1254 1625 m.
1279 1556 1391 1643 Aprtl.

223 1689 251 1734 a.
276 1666 310 1734 h.
337 1689 361 1734 s.
388 1665 489 1733 LXV
512 1668 549 1732 in
565 1664 742 1732 Marchiae
760 1663 933 1751 oppidulo
959 1665 1013 1731 cui
1028 1685 1155 1730 nomen
1173 1671 1224 1730 est
1240 1663 1393 1743 Zehden

222 1779 318 1860 patre
337 1771 460 1839 Oarolo
480 1780 590 1838 matre
607 1771 768 1838 Carolina
787 1777 923 1854 egente
940 1769 1109 1850 Reichelt
1134 1771 1258 1856 quibus
1275 1792 1394 1856 super-

224 1878 361 1946 stitibus
378 1877 496 1944 laetor.
536 1876 637 1943 ruder
654 1878 811 1944 addictus
829 1898 904 1943 sum
922 1876 1152 1959 evangelicae.
1186 1877 1393 1944 Litterarum

223 1984 402 2052 elementis
425 1985 462 2049 in
486 1984 599 2068 patria
622 1983 775 2049 imbutus
800 1984 870 2049 adii
892 1983 934 2049 ab
954 2004 982 2050 a.
1001 1982 1035 2050 h.
1054 2005 1079 2050 s.
1098 1982 1291 2050 LXXVIII
1307 1983 1394 2050 real-

222 2091 444 2175 gymnasium
462 2087 775 2174 Sprembergiensa
799 2091 891 2155 unde
916 2111 1006 2155 anno
1023 2095 1101 2176 post
1116 2092 1153 2156 in
1169 2091 1393 2175 gymnasium

222 2197 538 2279 Regiomontanum
566 2195 701 2272 transii
731 2195 785 2260 cui
812 2201 896 2260 tunc
919 2201 1075 2280 praeerat
1101 2193 1245 2261 Carolus
1269 2194 1393 2261 Nauck

221 2301 263 2370 V.
296 2301 336 2368 D.
388 2300 479 2367 Vere
509 2322 538 2368 a.
570 2300 604 2366 h.
636 2322 662 2368 s.
696 2299 890 2367 LXXXVI
918 2301 1127 2368 maturitatis
1156 2301 1393 2368 testimonium

223 2411 368 2493 adeptus
392 2407 594 2482 Berolinum
621 2408 867 2490 transmigravi
896 2408 1091 2493 civiumque
1121 2409 1393 2474 academicorum

222 2516 258 2580 in
281 2535 463 2580 numerum
487 2520 644 2599 receptus
668 2535 755 2593 sum,
781 2513 904 2579 studiis
930 2513 1070 2580 Graecis
1094 2513 1231 2580 Latinis
1250 2513 1393 2580 Germa-

221 2622 308 2687 nicis
324 2619 496 2687 historicis
512 2619 763 2706 philosophicis
782 2640 922 2705 operam
938 2621 1090 2687 daturus.
1123 2619 1323 2687 Docuerunt
1337 2642 1393 2686 me

222 2727 287 2793 viri
304 2727 494 2794 doctissimi
510 2726 666 2806 Bastian,
690 2725 797 2805 Diels,
819 2725 976 2812 Dilthey,
992 2725 1201 2805 Hirschfeld
1218 2725 1393 2806 Huebner‚

222 2833 382 2913 dastrow,
400 2832 594 2911 Kirchhoff,
612 2832 775 2912 KoehIer,
792 2832 913 2911 Koser,
931 2832 1092 2913 Paulsen,
1111 2835 1153 2899 de
1169 2831 1393 2912 Richthol'en

223 2939 368 3020 Robmt,
397 2939 583 3023 Roediger,
612 2938 814 3018 Rothsteim
843 2939 882 3005 E.
906 2938 1079 3020 Schmidt,
1107 2941 1131 3006 I.
1156 2939 1325 3018 Schmidt
1351 2941 1393 3005 de

222 3045 434 3125 Treitschke,
457 3044 607 3124 Vahlen,
624 3045 744 3112 Zeller.
785 3046 1099 3114 Exercitationihus
1116 3046 1254 3114 interfui
1270 3045 1393 3112 Dielsii

222 3154 467 3235 grammaticis
487 3151 653 3219 KoehIeri
668 3153 849 3219 historicis.
883 3153 1017 3234 Quibus
1035 3155 1118 3219 viris
1136 3175 1212 3220 cum
1231 3153 1393 3219 omnibus

222 3265 296 3325 tum
321 3261 471 3326 maxime
486 3257 618 3325 Dielsio
644 3263 677 3324 et
691 3258 865 3326 KoehIero
889 3261 1017 3342 gratias
1035 3281 1100 3341 ago
1118 3260 1391 3326 candidissimas.

224 3367 370 3435 Ineunte
394 3388 423 3433 a.
449 3365 483 3432 h.
510 3388 535 3433 s.
562 3365 794 3432 LXXXXIII
815 3368 973 3432 examine
989 3387 1051 3450 pro
1068 3365 1232 3432 facultate
1249 3367 1394 3432 docendi

223 3479 384 3560 superato
408 3474 592 3557 gymnasio
611 3470 838 3552 Berolinensi,
864 3471 929 3538 cui‘
941 3471 1134 3538 llridericus
1152 3470 1344 3538 Guilelmus
1360 3472 1393 3538 H

222 3600 350 3646 nomen
374 3581 510 3660 indidit,
535 3580 726 3667 adscriptus
751 3600 839 3657 sum,
863 3586 902 3645 ut
925 3579 1072 3646 tirocinii
1097 3579 1323 3662 paedagogici
1343 3577 1393 3644 al-

223 3694 333 3754 terum
362 3708 492 3753 annum
522 3688 691 3768 degerem.
739 3683 841 3752 Nunc
866 3687 1070 3752 candidatus
1093 3686 1292 3771 probandus
1317 3706 1393 3752 sum

223 3796 400 3880 gymnasii
424 3793 708 3879 Spandoviensis.

312 3902 399 3969 Inde
423 3901 467 3967 ab
490 3899 605 3967 hiemo
629 3922 658 3968 a.
683 3899 716 3968 h.
741 3923 765 3968 s.
783 3898 995 3966 LXXXVII
1012 3899 1140 3966 sodalis
1157 3898 1205 3964 fui
1221 3901 1393 3965 societatis

223 4010 423 4096 philologao
447 4010 662 4076 academicae
686 4008 932 4075 Berolinonsis,
