3286 5206
780 479 958 538 „52-

291 637 338 702 ad¹
359 635 506 720 tragicos
529 638 641 704 redire
664 635 843 704 Mastaner
866 637 926 720 (ad
947 634 981 701 V
1004 636 1063 717 57)
1087 641 1253 704 autumat.
1302 635 1369 718 Qui
1391 635 1462 704 huc

288 742 391 809 refert
418 746 447 810 V
471 742 513 811 57
542 749 576 810 et
598 745 646 810 VI
668 742 721 810 46.
775 742 1036 810 Eiusdemmodi
1059 764 1140 810 vero
1164 763 1220 810 mc
1243 744 1356 811 iudice
1379 750 1461 810 sunt

288 848 352 916 16
381 853 439 914 καὶ
466 852 502 915 σύ
530 851 616 914 τοῦτό
645 851 672 932 7)
696 852 772 937 ἐρεῖ,
802 854 846 926 ὡς
870 850 904 914 εὖ
932 851 1025 925 οἶδεν,
1055 853 1098 914 ὅτι
1123 851 1150 933 7²
1174 853 1229 914 οὐκ
1251 853 1418 915 ἀπέκτεινεν
1442 854 1461 939 ἦ

285 957 384 1045 μήτηρ
413 959 504 1022 αὐτοῦ
532 961 581 1021 τὸν
604 958 734 1045 πατέρα,
763 954 834 1023 scil.
860 957 1018 1042 quamvis
1045 958 1171 1043 „vopc'Cec
1194 962 1280 1021 ταῦτα
1304 958 1462 1039 εὐσέβειαν

289 1064 371 1138 εἶναι,
395 1066 428 1126 τὸ
451 1067 501 1153 τὴν
520 1065 638 1151 μητέρα
658 1066 701 1153 μὴ
720 1065 897 1151 προδοῦναις
920 1065 948 1129 V
968 1062 1008 1128 14
1032 1066 1088 1127 καὶ
1103 1065 1214 1127 τούτων
1229 1062 1296 1127 εἴτι
1312 1064 1462 1148 ψεύδομαι

290 1191 322 1214 =
353 1189 562 1254 quamquam
590 1171 705 1255 siquid
733 1172 895 1248 mentior;
924 1167 969 1235 ib.
998 1168 1038 1235 15
1147 1173 1179 1233 τὸ
1209 1173 1368 1257 φάρμακον
1397 1169 1461 1238 αὔτ’

288 1275 441 1364 ἠνάγκασα
464 1322 472 1337 .
488 1323 495 1338 .
512 1323 519 1338 .
558 1280 625 1341 καὶΙ
638 1279 673 1342 oo’
697 1278 801 1341 ταύταν
817 1278 903 1341 ἕνεκα
918 1281 1012 1342 ταῦτα
1027 1279 1148 1364 σφόδρα
1164 1278 1252 1359 λέγω,
1276 1281 1320 1353 ὡς
1333 1279 1462 1362 ἐμαυτὸν

289 1382 347 1457 ἔξω
371 1384 466 1460 αἰτίας
486 1386 665 1473 καταστήσω
694 1403 872 1451 =·ve1um
895 1389 1012 1450 tamen
1035 1403 1107 1450 non
1129 1383 1206 1450 idco
1230 1382 1317 1450 hacc
1340 1403 1461 1468 premo

290 1495 350 1557 etc.
410 1488 506 1570 Quae
541 1511 618 1557 cum
646 1492 696 1556 ita
724 1491 808 1571 sint,
842 1489 979 1557 nullum
1008 1488 1180 1557 calculum
1208 1491 1319 1557 adicio
1347 1511 1462 1575 noque

288 1595 441 1678 Blassio‚
467 1598 525 1682 qui
549 1595 833 1664 V146Reiskio
858 1603 891 1664 et
914 1594 1068 1664 Beckcro
1093 1597 1287 1664 auctoribus
1311 1597 1463 1664 restituit

289 1705 340 1768 κατ’
361 1706 446 1788 (τοι),
469 1723 581 1790 neque
606 1691 733 1770 Cobcto
757 1702 811 1771 16
828 1706 877 1769 καί
890 1706 963 1789 (ται)
979 1751 986 1766 .
1003 1752 1010 1767 .
1026 1751 1034 1766 .
1051 1730 1085 1788 γε
1100 1705 1251 1771 mutanti
1274 1702 1459 1787 (Mnemos

288 1831 321 1877 n.
348 1831 374 1877 s.
392 1807 489 1890 VIII,
512 1831 545 1896 p.
564 1810 653 1894 272).

741 2448 801 2514 IV.
831 2448 1011 2516 Consules.

821 2609 929 2712 Q

380 2764 467 2832 Cum
494 2767 532 2833 in
559 2765 668 2853 proba
696 2771 729 2833 et
756 2765 927 2854 perpolita
954 2767 1140 2849 graecitate
1169 2788 1229 2834 eae
1258 2768 1460 2848 sententiae,

291 2894 378 2959 quae
407 2871 537 2940 causali
569 2893 661 2940 nexu
691 2873 923 2952 continentur,
956 2872 1158 2960 plerumque
1186 2874 1224 2940 in
1250 2874 1461 2960 periodioam

290 2981 310 3046 i.
329 3001 356 3047 c.
382 2980 418 3046 in
441 2977 626 3046 finnionem
649 2980 845 3046 iuncturam
868 2981 1039 3065 particula
1059 2984 1103 3046 ὅτι
1120 2980 1266 3068 aliisque
1283 2986 1460 3064 cogantur,

291 3087 384 3173 apud
401 3084 656 3171 Antiphontem
679 3107 820 3172 prorsus
842 3089 1012 3155 contraria
1028 3088 1114 3154 ratio
1130 3093 1297 3174 tanquam
1313 3089 1370 3155 lex
1386 3109 1460 3156 esse

290 3194 435 3260 videtur.
488 3191 601 3260 Causa
624 3214 720 3272 vere,
749 3193 778 3259 si
802 3196 952 3279 quaeris,
981 3196 1120 3261 casine
1145 3193 1250 3261 dubio
1275 3200 1341 3275 est,
1369 3194 1461 3279 quod

292 3300 364 3367 eius
386 3298 531 3367 elocutio
548 3301 592 3366 ad
609 3303 684 3374 λέξιν
699 3303 853 3390 εἰρομένην
873 3306 1015 3387 spectat,
1039 3303 1077 3367 in
1093 3321 1161 3387 qua
1177 3301 1226 3367 sic
1243 3299 1461 3368 conforman-

291 3413 346 3474 tur
361 3408 504 3492 periodi
520 3412 559 3474 ut
575 3408 765 3474 sentcntiae
783 3408 900 3474 statim
915 3408 1096 3494 prodeant,
1115 3407 1239 3474 deinde
1256 3406 1461 3474 evolvantur

292 3519 326 3581 ot
354 3514 567 3601 explicentur
576 3517 610 3598 1).
658 3512 762 3581 Unde
785 3512 839 3594 fir,
867 3522 906 3582 ut
933 3515 970 3580 in
994 3515 1163 3582 eiusmodi
1188 3514 1377 3581 enuntiatis
1403 3517 1461 3602 γὰρ

291 3620 415 3688 vocula
441 3641 548 3708 prope
575 3641 648 3688 una
676 3619 817 3708 solaquc
841 3621 878 3688 in
901 3642 968 3688 usu
992 3622 1046 3688 sit.
1094 3619 1210 3707 Atque
1233 3619 1300 3687 hoc
1324 3622 1462 3706 quidem

291 3733 331 3793 ut
354 3749 458 3814 quam
480 3749 560 3795 vere
580 3728 770 3795 iudicatum
785 3730 831 3794 sit
846 3728 971 3796 clarius
988 3728 1224 3814 perspiciatur,
1249 3729 1461 3794 coniunctio-

292 3855 376 3902 num
401 3835 590 3902 causalium
614 3840 836 3921 conspectum
860 3854 1032 3921 apponere
1056 3835 1171 3903 liceat:

364 4032 384 4099 1)
404 4033 484 4084 Haec
505 4037 548 4084 est
562 4031 664 4083 eadem
678 4032 761 4095 ratio,
780 4046 870 4097 quam
885 4031 916 4084 Ο.
931 4031 1057 4083 Mueller
1071 4031 1130 4096 (Gr.
1145 4029 1367 4097 Litt.II,1‚365)
1382 4031 1462 4097 apud

292 4122 382 4175 Thuc.
396 4121 498 4174 laudat
511 4120 557 4172 his
570 4121 683 4172 verbis:
698 4121 749 4186 „In
760 4119 812 4172 der
826 4119 1074 4185 „abstergendcffl
1089 4121 1221 4185 Gottung
1231 4119 1464 4172 motivierender

293 4212 378 4265 Sittze
401 4217 475 4263 setzt
494 4226 526 4262 er
545 4209 592 4262 die
611 4209 786 4275 Handlung‚
805 4208 857 4260 das
871 4209 1007 4262 Resultat
1025 4225 1120 4260 voran
1139 4210 1202 4262 und
1220 4210 1294 4262 laissi
1312 4210 1462 4262 unmittel-

293 4301 346 4352 bar
375 4301 406 4351 in
430 4299 644 4351 Kausals'rttzcn
674 4297 745 4350 oder
767 4298 948 4363 Partizipicn
972 4298 1019 4349 dic
1044 4297 1188 4350 n'achsten
1212 4297 1366 4350 Ursachen
1392 4297 1463 4351 oder

292 4390 403 4442 Motive
423 4388 549 4453 folgen.“
