3286 5206
687 463 866 522 ,31-

188 623 222 686 ὃὲ
245 623 357 686 ἐκπλεῖν
379 647 415 686 τε
427 623 543 710 μέλλων
558 627 605 688 καὶ
621 624 754 698 δειπνῶν,
771 621 831 689 ubi
843 625 959 708 μέλλων
974 648 1006 687 τε
1021 623 1150 690 iustum
1167 644 1240 691 esse
1256 644 1358 691 nemo

186 749 259 796 non
281 729 390 809 videt;
415 728 589 796 simillime
613 730 661 797 VI
684 728 727 798 38
751 733 834 818 αὐτῷ
858 755 894 794 τε
916 733 981 816 ἐμοὶ
1003 733 1059 795 καὶ
1076 735 1137 807 τοῖς
1149 731 1250 818 φίλοις,
1267 731 1359 798 idem

186 837 215 903 V
240 834 296 915 18;
320 835 425 923 paulo
449 835 547 903 aliter
569 838 596 904 1·
613 835 656 904 20
679 839 697 926 ἡ
722 838 750 901 δ’
775 837 852 901 αἰτία
875 861 911 901 τε
930 836 988 926 ἤδη
1010 840 1066 902 καὶ
1085 837 1287 926 ἐνθυμηθεῖσα
1302 840 1361 912 ἕξει

188 941 274 1026 (soil.
301 945 337 1007 τὰ
361 944 520 1034 ἐπίχειρα),
544 943 604 1010 ubi
627 943 694 1010 hac
708 964 787 1010 mea
804 942 1042 1010 observatione
1059 943 1116 1034 ἤδη
1133 942 1277 1012 voculae
1294 943 1360 1030 hy-

187 1047 355 1134 perbaton
384 1051 519 1134 egregie
542 1049 741 1137 *explicatur
787 1049 893 1118 Porro
917 1051 945 1116 V
969 1049 1012 1117 65
1036 1053 1152 1137 ...ἅμα
1175 1076 1211 1116 τε
1234 1077 1359 1140 πονοορ-

190 1162 271 1239 χοῦσι
302 1160 358 1221 καλ
386 1159 532 1245 πρόφασιν
561 1157 739 1246 εὑρίσκονσι;
775 1156 820 1226 80
848 1158 884 1224 id
913 1158 1005 1244 quod
1035 1157 1168 1225 duobus
1197 1158 1360 1226 membris

189 1283 369 1330 commune
394 1271 460 1344 est,
488 1265 641 1332 medium
669 1261 900 1351 interponitur
929 1265 996 1350 ἐμοί
1016 1289 1051 1330 τε
1073 1266 1217 1355 βοηθεῖτε
1240 1270 1295 1331 καὶ
1317 1270 1361 1354 τῷ

189 1371 301 1437 δικαίαν.
1297 1395 1300 1400 ·

277 1494 447 1563 Inusitata
470 1521 502 1561 τε
524 1494 668 1564 voculae
686 1495 874 1576 collocatio
899 1503 937 1564 ut
952 1495 1019 1564 hoc
1035 1497 1153 1563 statim
1171 1496 1360 1578 absolvam,

187 1608 322 1690 praeter
345 1602 505 1690 exempla
527 1604 629 1670 modo
654 1600 762 1670 allata
785 1605 931 1670 occurrit
953 1605 1001 1670 VI
1024 1602 1065 1672 18
1089 1609 1123 1671 et
1147 1603 1197 1673 31.

276 1727 401 1796 Restat
428 1735 467 1795 ut
495 1730 537 1796 de
563 1729 772 1815 proprietate
801 1729 952 1814 quadam
977 1733 1183 1814 exponatur,
1211 1749 1299 1814 quae
1322 1735 1361 1796 ut
1420 1813 1422 1818 Ι

189 1835 404 1920 apodestris
434 1835 597 1902 orationis
626 1833 848 1920 scriptoribus
881 1834 1009 1914 aliena,
1042 1835 1092 1900 ita
1119 1835 1212 1922 apud
1240 1844 1360 1921 poetas

188 1942 413 2008 usitatissima
441 1949 500 2009 est.
548 1940 797 2008 Abundantiae
827 1941 918 2008 enim
946 1941 1099 2027 poeticae
1129 1943 1243 2009 studio
1269 1964 1361 2011 com-

132 2115 138 2120 .
188 2053 301 2114 motus
319 2054 432 2116 orator
448 2050 496 2115 eis
512 2047 638 2127 verbis,
663 2068 750 2134 quae
767 2046 1012 2133 aequalitatem
1024 2047 1079 2114 vel
1098 2046 1360 2117 similitudinem

189 2153 400 2237 significant,
429 2155 570 2222 voculas
598 2157 732 2220 re—zni
759 2153 913 2222 subicere
936 2153 1075 2240 solet¹)‚
1105 2175 1183 2222 oum
1206 2155 1360 2238 vulgaris

188 2282 272 2328 usus
304 2262 454 2347 simplex
485 2266 532 2327 καὶ
564 2261 636 2347 (vel
665 2261 837 2343 dativum)
866 2260 1026 2348 postulet.
1080 2261 1252 2349 Exempla
1279 2283 1360 2330 vero

187 2365 274 2434 haec
301 2367 448 2454 reperies
476 2366 569 2434 V92
602 2370 653 2456 τὴν
680 2367 756 2457 ἴσην
785 2392 818 2450 γε
846 2369 967 2454 δύναμιν
997 2367 1073 2458 ἔχει,
1103 2371 1186 2446 ὅστις
1206 2394 1243 2435 τε
1266 2371 1362 2458 aurp

183 2479 264 2566 χειρὶ
287 2476 441 2562 ἀποκτείνῃ
465 2476 575 2552 ἀδίκους
597 2478 652 2540 καὶ
675 2477 757 2551 ὅστις
778 2478 813 2562 τῇ
837 2477 946 2563 ψήφῳ
975 2473 1018 2542 89
1043 2497 1075 2520 =
1100 2475 1147 2542 VI
1171 2473 1208 2554 6;
1231 2477 1280 2542 VI
1305 2475 1361 2554 20;

187 2581 291 2667 paulo
316 2583 415 2649 aliter
437 2580 521 2649 V64
543 2583 584 2655 ἐξ
603 2580 679 2666 ἴσον
703 2582 789 2646 τοῦτό
810 2583 873 2646 ἐστι
893 2585 949 2646 καὶ
969 2579 1034 2668 ὑμῖν
1049 2584 1105 2646 καὶ
1120 2583 1193 2667 ἐμοί.
1227 2580 1361 2649 Eodem

188 2689 262 2755 sine
290 2687 394 2754 dubio
422 2692 556 2773 spectat
584 2687 645 2754 iila
673 2686 912 2767 exuberantia,
943 2707 1029 2773 quae
1058 2687 1253 2754 continetur
1280 2707 1361 2754 con-

188 2796 363 2862 iunctione
392 2794 577 2881 dpub-re
605 2796 651 2858 καὶ
674 2795 764 2872 sive,
793 2793 829 2858 id
853 2794 945 2879 quod
968 2793 1273 2860 inusitatissimum
1298 2798 1360 2874 est,

188 2905 251 2988 ἅμα
275 2904 422 2968 τε-καλι
447 2900 583 2968 11138
607 2903 680 2986 ἅμα
703 2900 819 2989 ἧμαρτέ
841 2924 878 2964 τε
901 2903 958 2966 καὶ
981 2897 1032 2986 ὑφ’
1056 2901 1165 2964 ἑαυτοῦ
1189 2900 1361 2992 exciderim

188 3007 275 3076 V65
300 3011 371 3095 ἅμα
395 3033 431 3072 τε
455 3011 654 3095 πανουργοῦσι
677 3009 734 3098 παὶ
757 3007 905 3094 πρόφασιν
928 3003 1102 3094 εὑρίσκουσι.

731 3594 823 3658 οὐδὲ

278 3734 390 3823 Supra
408 3737 631 3822 explanatum
649 3740 710 3814 est,
727 3757 831 3822 quam
846 3735 1025 3821 proprium
1041 3736 1085 3800 sit
1101 3734 1361 3820 Antiphonteae

190 3842 389 3910 elocutionis
418 3864 616 3929 synonyma
639 3863 853 3922 coacervare,
883 3847 923 3908 ut
947 3843 1054 3908 oratio
1077 3840 1139 3909 illa
1160 3841 1360 3909 bimembris

191 3969 278 4035 quae
302 3950 426 4016 dicitur
447 3947 622 4016 efficiatur.
664 3948 777 4030 Quam
801 3950 846 4016 ad
869 3970 942 4016 rem
965 3955 1004 4015 ut
1018 3949 1088 4015 iilic
1104 3952 1151 4013 καὶ
1167 3947 1361 4015 adhibitum

262 4111 282 4178 ¹)
303 4111 394 4178 Apud
407 4117 509 4177 poetas
524 4113 654 4178 exempli
667 4127 757 4164 cause
775 4111 809 4163 cf.
823 4112 908 4163 Hom.
922 4112 956 4163 Il.
970 4110 984 4163 I
998 4110 1045 4173 61;
1064 4111 1108 4163 IV
1123 4108 1189 4173 1223
1208 4111 1282 4163 VIII
1294 4109 1360 4173 214;

190 4201 234 4253 XI
252 4199 317 4264 7083
336 4201 394 4254 XV
414 4199 479 4264 2573
498 4201 573 4254 XVI
586 4200 647 4266 644,
665 4200 731 4263 745;
751 4199 840 4266 Soph.
859 4197 1002 4262 Α1.1351;
1023 4198 1055 4251 0.
1071 4199 1100 4253 G.
1115 4197 1180 4262 2553
1199 4197 1265 4261 935;
1284 4199 1360 4252 Phil.

191 4288 258 4352 3903
277 4291 346 4342 nur.
366 4289 436 4341 Hee.
457 4290 517 4343 291.
1092 4275 1094 4279 ’

263 4376 286 4444 ²)
305 4378 341 4432 of.
361 4378 463 4444 liuha,
481 4377 536 4432 Rh.
556 4378 602 4430 M.·
616 4377 658 4443 23,
677 4393 705 4444 p.
726 4376 786 4430 598.
