3286 5206
689 500 868 558 ...55-

620 751 659 826 l.
689 750 949 819 conclusione.-

740 935 818 974 ovd.

280 1052 332 1116 οὖν
354 1052 543 1137 particulae
566 1053 639 1118 vim
663 1053 852 1134 genuinam
881 1072 955 1118 esse
980 1049 1224 1144 affirmativam
1247 1070 1363 1132 gram-

191 1158 308 1248 matici
333 1160 510 1242 .dooent¹);
542 1159 623 1226 inde
652 1163 772 1226 natam
801 1179 876 1226 csse
905 1155 1363 1242 significationemconelu-

193 1265 312 1346 dandi,
343 1287 430 1352 quae
454 1265 548 1351 apud
572 1286 690 1332 omnes
716 1265 870 1332 omnium
893 1270 1088 1350 temporum
1112 1269 1270 1337 auctores
1294 1263 1363 1332 sol-

191 1373 315 1438 lemnis
347 1373 544 1457 usitatoque
577 1377 636 1464 est.
694 1371 802 1458 Apud
830 1369 1084 1458 Antiphontem
1116 1392 1196 1439 vero
1230 1377 1364 1457 praeter

192 1477 285 1546 huno
307 1500 410 1546 usmn
433 1499 528 1546 more
544 1481 664 1544 tritum
681 1477 970 1565 deprehendimus
986 1478 1163 1564 proprium
1180 1480 1363 1562 quendam,

194 1584 362 1664 „welcher
387 1587 442 1652 die
465 1584 642 1669 folgernde
665 1583 873 1668 Bedeutung
898 1584 1071 1672 (Wetzell.
1097 1606 1128 1670 p.
1152 1585 1243 1667 adt>
1272 1584 1363 1652 noch

192 1691 439 1760 unentwiokelt
463 1693 583 1775 reigo.
622 1691 724 1773 Quod
748 1694 873 1760 accidit
891 1694 929 1758 in
946 1693 1143 1759 narratione
1161 1711 1207 1759 or.
1225 1695 1244 1759 Ι
1262 1697 1363 1778 atquc

191 1799 329 1877 totiena,
353 1806 391 1865 ut
413 1819 523 1884 paene
542 1800 701 1892 taedium
724 1806 904 1866 moveatur
919 1799 1057 1883 legenti.
1097 1797 1202 1882 Lege,
1227 1818 1364 1885 quaeso,

193 1905 236 1992 ἐξ
252 1905 376 1971 14-17ε
400 1906 471 1971 iam
488 1905 634 1982 videbia
658 1927 761 1993 quam
778 1907 905 1988 exigua
921 1909 992 1972 arte
1008 1906 1157 1972 narratio
1175 1905 1364 1991 composita

193 2012 247 2091 sit,
273 2012 498 2097 quotiensque
524 2013 669 2078 adeam
694 2013 965 2079 continuandam
988 2012 1040 2076 οὖν
1064 2008 1278 2086 adhibeatur.

281 2115 350 2184 Sed
379 2117 465 2185 haec
494 2120 536 2185 de
564 2139 629 2184 usu
657 2119 693 2184 in
720 2119 925 2185 narratione.
979 2109 1167 2210 Praeterea
1191 2118 1258 2183 duo
1283 2123 1365 2184 sunt

193 2222 270 2303 loci,
288 2224 412 2310 quibus
429 2225 481 2290 οὖν
497 2223 623 2292 vocula
637 2225 775 2310 proprie
791 2225 849 2314 ἤδη
865 2223 1028 2291 adverbio
1042 2225 1244 2290 adiunctum
1257 2244 1365 2310 appa-

192 2336 251 2398 ret.
299 2329 353 2397 Nc
376 2328 432 2397 his
457 2332 596 2416 quidem
620 2331 671 2395 οὖν
697 2351 830 2397 meram
854 2330 1082 2398 concludendi
1105 2332 1178 2396 vim
1202 2327 1365 2405 exhibere

192 2437 338 2515 videtur,
360 2439 421 2503 aed
436 2438 551 2522 potius
569 2436 724 2503 adverbii
741 2434 988 2528 significationi
1003 2438 1210 2522 premendae
1227 2437 1362 2504 servire.

194 2540 393 2608 Cuiusmodi
417 2547 500 2609 sunl
522 2542 600 2609 Ι22
624 2542 682 2631 ἤδη
705 2543 757 2607 οὖν
780 2545 811 2607 ἐν
832 2545 896 2628 ὑμῖν
912 2545 975 2607 ἐστι
990 2545 1069 2607 τοῦτ’
1086 2543 1192 2630 ὀρθῶς
1205 2545 1365 2627 διαγνῶναι

193 2653 226 2714 et
249 2648 291 2715 25
320 2648 378 2738 ἤδη
407 2648 459 2713 οὖν
482 2651 543 2732 ἐγὼ
567 2652 640 2722 ἀξιῶ
661 2697 671 2722 ,.
695 2697 702 2712 .
725 2697 732 2712 .
757 2651 864 2738 ταύτην
887 2650 1057 2714 ἀπολέσθαι
1080 2651 1136 2715 ὑπό
1159 2675 1191 2714 τε
1214 2653 1295 2736 ὑμῶν
1319 2653 1366 2715 καὶ

193 2760 244 2819 τοῦ
268 2757 390 2821 dcxoc‘oo.

699 2920 859 2928 -----

694 3111 843 3175 τοίνυν.

282 3253 375 3317 τοίνυν
399 3273 608 3338 quamquam
633 3273 711 3319 cum
736 3253 786 3318 odo
803 3252 975 3339 particula
991 3250 1141 3320 finitima
1157 3254 1362 3335 cognatione

194 3359 377 3426 coniuncta
401 3363 468 3438 est,
492 3359 541 3425 ita
564 3364 603 3424 ut
625 3360 819 3445 promiscue
842 3380 903 3446 pro
928 3360 979 3425 οὖν
1003 3365 1162 3445 ponatur,
1185 3360 1222 3426 id
1245 3365 1364 3426 tamen

193 3467 434 3551 interpositum
467 3471 519 3533 est
547 3466 745 3546 discrimen,
781 3468 872 3552 quod
899 3453 1091 3553 nunquam'
1107 3466 1262 3533 adverbii
1292 3467 1364 3533 vice

194 3571 347 3656 fungitur
363 3571 448 3657 (scil.
468 3574 724 3663 asseverandi).
740 3575 802 3640 sed
819 3595 954 3660 semper
971 3572 1205 3640 conclusivum
1222 3570 1366 3640 exhibet

194 3676 498 3761 significationem,
528 3681 662 3746 etiamsi
691 3678 778 3746 haec
806 3701 1057 3767 nonnunquam
1080 3679 1178 3746 haud
1202 3682 1251 3746 ita
1275 3679 1364 3746 clarc

194 3782 336 3852 eluceat.
373 3784 428 3851 Ex
445 3805 514 3871 qua
526 3783 818 3868 Rosenbergius2)
837 3786 1011 3871 duplicem
1023 3787 1181 3854 vertendi
1195 3787 1365 3852 rationem

194 3891 346 3959 deducit:
386 3892 412 3958 1.
447 3890 584 3970 „Wenn
620 3892 674 3958 die
703 3890 906 3974 Beziehung
939 3913 1018 3958 zum
1046 3890 1364 3976 Verbergehcnden

265 4052 286 4119 1)
307 4052 342 4104 cf.
363 4053 518 4117 huebner,
541 4054 559 4104 l.
573 4054 591 4106 l.
605 4069 633 4118 p.
647 4051 739 4118 708,1;
758 4055 899 4118 Wetzcll,
924 4055 942 4105 l.
956 4055 974 4106 l.
988 4070 1015 4119 p.
1026 4054 1073 4116 203
1093 4054 1233 4120 Kanaka,
1253 4053 1288 4105 dc
1308 4069 1365 4106 usu

194 4142 340 4194 coniunct.
366 4140 556 4208 quorundum
582 4141 663 4208 opud
682 4143 794 4208 scripti.
814 4142 874 4195 Att.
894 4143 1066 4209 antiquisa,
1089 4142 1218 4195 Vindob.
1239 4143 1317 4208 1890,
1336 4158 1365 4209 p.

195 4229 245 4282 175
265 4246 278 4281 s
303 4270 308 4281 .

264 4245 495 4386 ²)qRosenberg‚
519 4317 566 4370 die
585 4318 719 4371 Partikel
742 4319 830 4371 τοίνυν
853 4320 885 4371 in
908 4317 960 4371 der
979 4323 1028 4371 att.
1047 4320 1157 4385 DekaS‚
1175 4319 1263 4372 Jhbb.
1284 4319 1302 4372 f.
1322 4319 1364 4371 kl.

193 4405 269 4458 Phil.
291 4407 350 4471 109,
369 4421 397 4472 p.
412 4407 471 4459 118.
