3286 5206
778 447 959 508 ..25-

286 613 412 674 natura
438 605 548 692 ipsius
572 631 604 671 τε
627 603 816 691 particulae
840 606 937 674 codd.
962 603 1045 673 fidei
1068 603 1197 684 obstem
1221 626 1261 672 ea
1285 603 1392 685 enim,
1421 611 1459 672 ut

287 733 392 798 supra
416 713 649 799 exposuimus
673 718 727 782 est
746 713 832 780 ratio
848 711 953 779 limus
968 711 1122 786 voculae,
1146 717 1186 778 ut
1202 712 1380 780 enuntiata
1396 713 1458 779 ad·

287 823 479 900 nectantur,
503 840 590 906 quae
614 841 692 888 cum
708 820 919 905 praegressis
936 819 1199 887 necessitudinis
1217 819 1367 906 quodem
1382 819 1459 886 vin-

288 925 364 994 culo
388 927 571 994 coniuncta
595 931 685 994 sunt.
726 924 802 994 Hoc
825 935 940 994 autem
960 924 1036 993 loco
1053 945 1193 1011 prorsus
1209 947 1339 992 norum
1356 946 1459 1008 argu-

287 1037 445 1100 mentum
460 1031 614 1113 infertur‚
631 1034 721 1119 quod
735 1055 812 1102 cum
825 1033 1052 1118 praecedente
1064 1033 1160 1100 nullo
1172 1033 1275 1100 modo
1289 1031 1458 1100 cohaeret.

287 1138 443 1219 Accedit,
468 1141 560 1226 quod
583 1142 620 1208 in
643 1140 710 1208 hoc
732 1161 858 1226 genere
882 1143 916 1206 di
938 1140 1145 1226 particulam
1168 1138 1331 1207 adhibere
1348 1146 1462 1206 orator

287 1246 324 1313 in
349 1247 478 1315 deliciis
502 1246 618 1315 habet.
664 1246 784 1333 Itaque
808 1249 894 1316 οἵτε
916 1248 953 1314 in
976 1250 1004 1311 oi
1027 1249 1062 1312 δὲ
1085 1246 1326 1328 corrigendum
1349 1253 1409 1313 est.

794 1483 953 1490 μ...-

795 1681 831 1721 TE
848 1696 888 1704 -
906 1681 951 1721 ΤΕ.

378 1823 410 1863 τε
427 1835 469 1848 --
485 1823 517 1864 τε
545 1796 734 1884 particulas
762 1799 945 1884 praecipue
973 1798 1067 1883 apud
1093 1803 1214 1882 poetas
1238 1817 1313 1865 esse
1336 1798 1372 1864 in
1394 1818 1462 1864 usu

290 1905 373 1972 satis
398 1910 547 1985 constat,
576 1926 654 1972 eum
678 1906 772 1991 apud
795 1906 972 1990 pedestres
996 1904 1178 1990 scriptores
1202 1924 1322 1970 earum
1345 1903 1461 1971 locum

290 2036 322 2076 τε
347 2013 480 2096 (111)-
498 2015 546 2077 καὶ
573 2013 768 2081 coniunctio
797 2012 952 2079 obtineat
962 2015 996 2096 ¹).
1044 2010 1118 2078 Iam
1146 2011 1176 2077 si
1203 2009 1461 2096 Antiphontem

290 2137 349 2186 eas
374 2119 626 2204 quodammodo
650 2119 687 2184 in
711 2118 842 2186 deliciis
865 2117 994 2186 habere
1018 2118 1186 2197 videmus,
1214 2118 1252 2182 in
1275 2115 1460 2202 propatulo

290 2227 343 2290 est
366 2225 470 2291 etiem
493 2221 560 2292 hac
577 2243 619 2291 ex
634 2231 731 2310 parte
748 2246 827 2293 eum
843 2225 993 2310 emplius
1010 2244 1182 2310 quoquam
1201 2231 1278 2302 „cccv
1294 2227 1352 2311 πρὸ
1369 2227 1460 2289 αὐτοῦ
1504 2219 1507 2226 ’

290 2333 337 2395 καὶ
353 2337 411 2394 τῶν
426 2337 553 2420 ποιητῶν
564 2334 715 2416 μάλιστα“
735 2331 1017 2398 consuetudinem
1036 2350 1110 2397 esse
1126 2329 1336 2416 amplexum.
1376 2329 1462 2396 Post

291 2436 365 2504 eius
390 2440 507 2504 autem
529 2438 731 2505 memoriam
749 2438 876 2505 sensim
892 2437 1206 2523 pedetemptimque
1222 2435 1280 2503 hic
1295 2457 1379 2503 usus
1395 2439 1461 2502 im-

290 2543 443 2611 minutus
472 2548 539 2624 est,
567 2544 616 2611 ita
644 2551 682 2612 ut
709 2545 804 2629 apud
826 2542 1099 2611 Demosthenem
1122 2542 1210 2612 nihil
1234 2542 1303 2611 lere
1318 2544 1386 2610 nisi
1409 2547 1461 2608 ἐάν

290 2675 323 2715 τε
339 2689 380 2698 -
398 2652 450 2714 ἐάν
473 2676 505 2716 τε
528 2651 775 2736 remanserit2).
815 2650 932 2737 Atque
955 2649 1094 2718 illorum
1115 2651 1255 2736 quidem
1272 2651 1461 2736 priscorum

290 2758 327 2824 in
350 2757 493 2825 modum
516 2756 756 2825 Rhamnusius
781 2763 814 2824 et
837 2756 996 2840 singulas
1019 2777 1120 2824 voces
1146 2763 1179 2824 et
1194 2763 1267 2824 tota
1283 2757 1462 2824 enuntiata

292 2883 454 2932 eorumve
468 2863 626 2933 membra
641 2865 709 2932 illis
726 2864 903 2951 particulis
921 2865 1128 2948 coniungere
1141 2865 1235 2932 solet.
1269 2862 1337 2931 Sed
1350 2865 1462 2949 prius-

291 2990 396 3056 quam
423 2974 698 3057 progrediamur,
728 2972 905 3058 paulisper
932 2971 1194 3040 subsistendum
1223 2976 1282 3038 est.
1331 2969 1462 3037 Mirum

225 3101 233 3110 ·
292 3079 458 3158 estenim
471 3077 1462 3165 quantotetralogiaeorationibuspraestentexemplorum

291 3183 492 3270 frequentia.
541 3185 759 3273 Quamquam
789 3208 871 3254 cave
899 3208 943 3254 ne
967 3188 1049 3272 quid
1073 3207 1254 3272 perperam
1277 3187 1357 3252 inde
1381 3205 1462 3252 con-

293 3291 422 3360 cludas.
468 3291 564 3361 Haec
598 3295 689 3361 enim
724 3295 760 3360 in
795 3295 1112 3380 antiquissimorum
1140 3292 1235 3360 libris
1265 3292 1462 3360 discrimina

292 3418 434 3466 manare
456 3401 677 3487 perspicuum
701 3408 752 3469 est
774 3422 817 3468 ex
832 3407 956 3468 natura
972 3408 1005 3468 et
1020 3400 1146 3480 indole,
1170 3420 1238 3486 qua
1255 3404 1327 3466 erat
1342 3397 1463 3481 lingua

292 3505 503 3592 temporibus
524 3506 603 3575 illis.
644 3506 768 3589 Quam,
786 3529 863 3575 cum
879 3507 1088 3576 adolesceret
1103 3515 1177 3575 tum
1194 3508 1344 3586 demum,
1369 3506 1464 3573 omni

293 3633 336 3679 ex
358 3618 454 3699 parte
479 3615 552 3682 sive
576 3616 613 3681 in
635 3637 670 3682 re
694 3617 920 3699 grammatica
943 3617 1016 3682 sive
1039 3616 1076 3681 in
1098 3613 1282 3682 verborum
1297 3635 1362 3680 usu
1377 3611 1464 3682 fluc-

292 3725 389 3788 tuare
417 3722 590 3802 videmus
618 3727 785 3809 tanquam
809 3722 1121 3801 adulescentulum,
1150 3721 1208 3807 qui
1231 3722 1304 3807 ipse
1329 3741 1463 3807 quoque

292 3833 367 3897 tum
383 3828 533 3908 demum,
550 3849 628 3896 cum
645 3830 879 3898 adulescentia
891 3829 1068 3909 deferbuit,
1085 3835 1193 3896 certas
1207 3830 1299 3895 vitae
1312 3828 1463 3894 rationes

293 3936 455 4023 sequitur.
499 3934 620 4023 ltaque
644 3958 687 4004 ne
702 3936 930 4024 Antiphontis
948 3937 1087 4023 quidem
1103 3936 1329 4004 elocutionem
1344 3936 1464 4001 incon-

366 4097 387 4164 1)
408 4099 442 4150 cf.
463 4099 595 4164 Spengel
614 4098 669 4152 Rh.
682 4099 758 4151 Mus.
774 4098 815 4164 17,
830 4098 880 4151 167
889 4115 894 4150 :
925 4099 994 4165 „Die
1007 4097 1209 4163 Verbindung
1229 4097 1282 4149 der
1294 4098 1380 4163 posit.
1394 4097 1464 4148 Par-

294 4187 390 4240 tikeln
409 4206 517 4240 τε-τε
536 4189 573 4240 ist
591 4189 644 4240 der
657 4193 705 4241 att.
720 4189 850 4254 Spraehe
864 4188 947 4240 nieht
959 4189 1145 4251 unbekannt,
1164 4187 1235 4239 aber
1248 4188 1290 4239 sie
1304 4188 1342 4238 ist
1354 4185 1463 4238 ebenso

295 4277 389 4329 seiten
407 4277 463 4329 wie
480 4275 550 4343 jene
569 4278 623 4330 mit
641 4279 759 4330 τε-καὲ
778 4279 910 4343 gelauflg
929 4276 992 4329 und
1011 4277 1232 4342 regelmtissig“.
1445 4337 1447 4342 Ι

366 4363 388 4432 ²)
409 4365 443 4418 cf.
464 4365 556 4430 iiuhr,
574 4367 708 4420 Excurse
728 4384 765 4419 zu
784 4368 811 4420 d.
831 4371 881 4420 att.
901 4365 1043 4420 Rednern
1062 4365 1118 4420 Rh.
1137 4365 1214 4418 Mus
1234 4365 1276 4429 33,
1295 4379 1323 4430 p.
1338 4361 1389 4416 595
1408 4377 1452 4429 sq.
