<?xml version="1.0" encoding="UTF-8"?>
<!DOCTYPE html PUBLIC "-//W3C//DTD XHTML 1.0 Transitional//EN"
    "http://www.w3.org/TR/xhtml1/DTD/xhtml1-transitional.dtd">
<html xmlns="http://www.w3.org/1999/xhtml" xml:lang="en" lang="en">
 <head>
  <title>
</title>
<meta http-equiv="Content-Type" content="text/html;charset=utf-8" />
  <meta name='ocr-system' content='tesseract 3.04.00' />
  <meta name='ocr-capabilities' content='ocr_page ocr_carea ocr_par ocr_line ocrx_word'/>
</head>
<body>
  <div class='ocr_page' id='page_1' title='image "./deantiphontisin00rosegoog_0021.png"; bbox 0 0 3286 5206; ppageno 0'>
   <div class='ocr_carea' id='block_1_1' title="bbox 801 469 981 528">
    <p class='ocr_par' dir='ltr' id='par_1_1' title="bbox 801 469 981 528">
     <span class='ocr_line' id='line_1_1' title="bbox 801 469 981 528; baseline 0.006 -18"><span class='ocrx_word' id='word_1_1' title='bbox 801 469 981 528; x_wconf 77' lang='lat'>-16-</span> 
     </span>
    </p>
   </div>
   <div class='ocr_carea' id='block_1_2' title="bbox 304 627 1483 2528">
    <p class='ocr_par' dir='ltr' id='par_1_2' title="bbox 305 627 1483 1347">
     <span class='ocr_line' id='line_1_2' title="bbox 307 627 1481 716; baseline -0.001 -21"><span class='ocrx_word' id='word_1_2' title='bbox 307 629 411 695; x_wconf 81' lang='lat' dir='ltr'>etiarn</span> <span class='ocrx_word' id='word_1_3' title='bbox 435 631 483 693; x_wconf 77' lang='grc' dir='ltr'>καὶ</span> <span class='ocrx_word' id='word_1_4' title='bbox 505 631 542 696; x_wconf 92' lang='lat' dir='ltr'>in</span> <span class='ocrx_word' id='word_1_5' title='bbox 567 629 587 716; x_wconf 66' lang='grc' dir='ltr'>ξ</span> <span class='ocrx_word' id='word_1_6' title='bbox 607 627 647 694; x_wconf 85' lang='grc'><strong>15</strong></span> <span class='ocrx_word' id='word_1_7' title='bbox 671 628 970 713; x_wconf 81' lang='lat' dir='ltr'>subessevidetur</span> <span class='ocrx_word' id='word_1_8' title='bbox 990 631 1038 693; x_wconf 77' lang='grc' dir='ltr'>καὶ</span> <span class='ocrx_word' id='word_1_9' title='bbox 1053 631 1089 694; x_wconf 75' lang='grc' dir='ltr'>οὐ</span> <span class='ocrx_word' id='word_1_10' title='bbox 1106 630 1210 694; x_wconf 77' lang='grc' dir='ltr'><em>τούτου</em></span> <span class='ocrx_word' id='word_1_11' title='bbox 1225 631 1310 694; x_wconf 81' lang='grc' dir='ltr'><em>ἕνεκα</em></span> <span class='ocrx_word' id='word_1_12' title='bbox 1327 635 1481 694; x_wconf 80' lang='grc' dir='ltr'><strong>ταῦτα...</strong></span> 
     </span>
     <span class='ocr_line' id='line_1_3' title="bbox 306 734 1481 822; baseline 0.003 -23"><span class='ocrx_word' id='word_1_13' title='bbox 306 737 398 819; x_wconf 56' lang='grc' dir='ltr'>λέγω</span> <span class='ocrx_word' id='word_1_14' title='bbox 425 734 465 801; x_wconf 81' lang='grc'><strong>17</strong></span> <span class='ocrx_word' id='word_1_15' title='bbox 491 741 735 802; x_wconf 73' lang='lat' dir='ltr'><strong>coacervantur</strong></span> <span class='ocrx_word' id='word_1_16' title='bbox 758 739 814 800; x_wconf 79' lang='grc' dir='ltr'>καὶ</span> <span class='ocrx_word' id='word_1_17' title='bbox 837 736 868 800; x_wconf 81' lang='grc' dir='ltr'>εἴ</span> <span class='ocrx_word' id='word_1_18' title='bbox 885 759 1031 822; x_wconf 72' lang='grc' dir='ltr'>φασιν...</span> <span class='ocrx_word' id='word_1_19' title='bbox 1057 738 1113 800; x_wconf 76' lang='grc' dir='ltr'>καὶ</span> <span class='ocrx_word' id='word_1_20' title='bbox 1136 734 1167 800; x_wconf 84' lang='grc' dir='ltr'>εἴ</span> <span class='ocrx_word' id='word_1_21' title='bbox 1184 761 1330 822; x_wconf 79' lang='grc' dir='ltr'>φασιν...</span> <span class='ocrx_word' id='word_1_22' title='bbox 1355 739 1415 801; x_wconf 78' lang='grc' dir='ltr'>καὶ</span> <span class='ocrx_word' id='word_1_23' title='bbox 1437 741 1481 816; x_wconf 78' lang='grc' dir='ltr'>εἰς</span> 
     </span>
     <span class='ocr_line' id='line_1_4' title="bbox 307 840 1483 929; baseline 0 -21"><span class='ocrx_word' id='word_1_24' title='bbox 307 840 418 908; x_wconf 86' lang='lat' dir='ltr'>simile</span> <span class='ocrx_word' id='word_1_25' title='bbox 443 842 526 929; x_wconf 90' lang='lat' dir='ltr'>quid</span> <span class='ocrx_word' id='word_1_26' title='bbox 549 841 653 909; x_wconf 77' lang='grc'>26-27</span> <span class='ocrx_word' id='word_1_27' title='bbox 678 845 734 907; x_wconf 75' lang='grc' dir='ltr'>καὶ</span> <span class='ocrx_word' id='word_1_28' title='bbox 757 845 892 929; x_wconf 78' lang='grc' dir='ltr'><em>ἐγὼμὲν</em></span> <span class='ocrx_word' id='word_1_29' title='bbox 915 881 959 890; x_wconf 91' lang='grc'><strong>-</strong></span> <span class='ocrx_word' id='word_1_30' title='bbox 982 846 1010 906; x_wconf 81' lang='lat' dir='ltr'>oi</span> <span class='ocrx_word' id='word_1_31' title='bbox 1033 841 1122 906; x_wconf 73' lang='grc' dir='ltr'><strong>δ’...</strong></span> <span class='ocrx_word' id='word_1_32' title='bbox 1148 846 1205 906; x_wconf 75' lang='grc' dir='ltr'>καὶ</span> <span class='ocrx_word' id='word_1_33' title='bbox 1228 843 1254 908; x_wconf 83' lang='grc' dir='ltr'>εἲ</span> <span class='ocrx_word' id='word_1_34' title='bbox 1273 845 1328 929; x_wconf 78' lang='grc' dir='ltr'>μὲν</span> <span class='ocrx_word' id='word_1_35' title='bbox 1352 845 1412 927; x_wconf 69' lang='grc' dir='ltr'>ἐγὼ</span> <span class='ocrx_word' id='word_1_36' title='bbox 1436 883 1483 891; x_wconf 85' lang='grc'><strong>-</strong></span> 
     </span>
     <span class='ocr_line' id='line_1_5' title="bbox 306 947 1482 1027; baseline 0 -14"><span class='ocrx_word' id='word_1_37' title='bbox 306 951 368 1013; x_wconf 78' lang='grc' dir='ltr'><em>ἐπεὶ</em></span> <span class='ocrx_word' id='word_1_38' title='bbox 391 947 437 1026; x_wconf 80' lang='lat' dir='ltr'>d&#39;;</span> <span class='ocrx_word' id='word_1_39' title='bbox 463 947 524 1022; x_wconf 67' lang='lat'>23:</span> <span class='ocrx_word' id='word_1_40' title='bbox 553 947 611 1026; x_wconf 78' lang='lat'>24;</span> <span class='ocrx_word' id='word_1_41' title='bbox 641 947 699 1027; x_wconf 79' lang='lat'>293</span> <span class='ocrx_word' id='word_1_42' title='bbox 725 947 784 1027; x_wconf 79' lang='lat'>353</span> <span class='ocrx_word' id='word_1_43' title='bbox 809 948 851 1015; x_wconf 86' lang='grc'>36</span> <span class='ocrx_word' id='word_1_44' title='bbox 876 951 934 1013; x_wconf 74' lang='grc' dir='ltr'>καὶ</span> <span class='ocrx_word' id='word_1_45' title='bbox 957 949 1106 1014; x_wconf 80' lang='grc' dir='ltr'><em>οὔτε-</em></span> <span class='ocrx_word' id='word_1_46' title='bbox 1130 974 1179 1026; x_wconf 74' lang='grc' dir='ltr'>τες</span> <span class='ocrx_word' id='word_1_47' title='bbox 1203 948 1287 1016; x_wconf 80' lang='lat' dir='ltr'>ibid,</span> <span class='ocrx_word' id='word_1_48' title='bbox 1313 954 1482 1015; x_wconf 76' lang='grc' dir='ltr'><em>καὶτοῦτο</em></span> 
     </span>
     <span class='ocr_line' id='line_1_6' title="bbox 305 1053 1480 1143; baseline 0.003 -24"><span class='ocrx_word' id='word_1_49' title='bbox 305 1059 403 1121; x_wconf 81' lang='grc' dir='ltr'><strong>οὐ...</strong></span> <span class='ocrx_word' id='word_1_50' title='bbox 428 1057 518 1134; x_wconf 59' lang='lat' dir='ltr'>dum</span> <span class='ocrx_word' id='word_1_51' title='bbox 543 1053 600 1133; x_wconf 74' lang='grc'>37;</span> <span class='ocrx_word' id='word_1_52' title='bbox 626 1054 668 1122; x_wconf 79' lang='grc'>39</span> <span class='ocrx_word' id='word_1_53' title='bbox 692 1058 739 1119; x_wconf 79' lang='grc' dir='ltr'>καὶ</span> <span class='ocrx_word' id='word_1_54' title='bbox 762 1058 822 1139; x_wconf 66' lang='grc' dir='ltr'>ἐγὼ</span> <span class='ocrx_word' id='word_1_55' title='bbox 847 1060 880 1122; x_wconf 84' lang='lat' dir='ltr'>et</span> <span class='ocrx_word' id='word_1_56' title='bbox 902 1054 1006 1142; x_wconf 80' lang='lat' dir='ltr'>paulo</span> <span class='ocrx_word' id='word_1_57' title='bbox 1029 1063 1110 1140; x_wconf 85' lang='lat' dir='ltr'>post</span> <span class='ocrx_word' id='word_1_58' title='bbox 1133 1059 1179 1121; x_wconf 77' lang='lat' dir='ltr'>rai</span> <span class='ocrx_word' id='word_1_59' title='bbox 1197 1059 1275 1143; x_wconf 83' lang='grc' dir='ltr'><em>μετὰ</em></span> <span class='ocrx_word' id='word_1_60' title='bbox 1291 1063 1393 1136; x_wconf 60' lang='lat' dir='ltr'>rodun</span> <span class='ocrx_word' id='word_1_61' title='bbox 1418 1057 1480 1136; x_wconf 82' lang='grc'><strong>41;</strong></span> 
     </span>
     <span class='ocr_line' id='line_1_7' title="bbox 305 1160 1482 1242; baseline 0 -13"><span class='ocrx_word' id='word_1_62' title='bbox 305 1161 349 1229; x_wconf 80' lang='grc'>42</span> <span class='ocrx_word' id='word_1_63' title='bbox 371 1165 429 1226; x_wconf 79' lang='grc' dir='ltr'>καὶ</span> <span class='ocrx_word' id='word_1_64' title='bbox 452 1160 533 1226; x_wconf 81' lang='grc' dir='ltr'><em>οὔτε</em></span> <span class='ocrx_word' id='word_1_65' title='bbox 556 1201 599 1208; x_wconf 97' lang='grc'><strong>-</strong></span> <span class='ocrx_word' id='word_1_66' title='bbox 623 1160 720 1241; x_wconf 80' lang='grc' dir='ltr'><em>οὔτε;</em></span> <span class='ocrx_word' id='word_1_67' title='bbox 749 1161 810 1241; x_wconf 80' lang='grc'>43;</span> <span class='ocrx_word' id='word_1_68' title='bbox 834 1161 894 1241; x_wconf 82' lang='lat'>44;</span> <span class='ocrx_word' id='word_1_69' title='bbox 918 1160 977 1241; x_wconf 84' lang='grc'>45;</span> <span class='ocrx_word' id='word_1_70' title='bbox 1002 1161 1056 1242; x_wconf 76' lang='grc'>46,</span> <span class='ocrx_word' id='word_1_71' title='bbox 1080 1161 1140 1229; x_wconf 86' lang='lat' dir='ltr'>ubi</span> <span class='ocrx_word' id='word_1_72' title='bbox 1163 1167 1210 1228; x_wconf 77' lang='lat' dir='ltr'>rui</span> <span class='ocrx_word' id='word_1_73' title='bbox 1232 1165 1375 1231; x_wconf 76' lang='lat' dir='ltr'><strong>resumit</strong></span> <span class='ocrx_word' id='word_1_74' title='bbox 1398 1165 1482 1229; x_wconf 73' lang='grc' dir='ltr'><em>οὗτοι</em></span> 
     </span>
     <span class='ocr_line' id='line_1_8' title="bbox 306 1266 643 1347; baseline 0.003 -14"><span class='ocrx_word' id='word_1_75' title='bbox 306 1271 342 1333; x_wconf 75' lang='grc' dir='ltr'>δὲ</span> <span class='ocrx_word' id='word_1_76' title='bbox 363 1269 399 1333; x_wconf 92' lang='lat' dir='ltr'>in</span> <span class='ocrx_word' id='word_1_77' title='bbox 422 1266 482 1346; x_wconf 80' lang='lat'>45;</span> <span class='ocrx_word' id='word_1_78' title='bbox 506 1267 565 1347; x_wconf 79' lang='lat'>47;</span> <span class='ocrx_word' id='word_1_79' title='bbox 590 1266 643 1334; x_wconf 85' lang='lat'>50.</span> 
     </span>
    </p>

    <p class='ocr_par' dir='ltr' id='par_1_3' title="bbox 305 1374 1481 1681">
     <span class='ocr_line' id='line_1_9' title="bbox 394 1374 1481 1464; baseline 0.004 -24"><span class='ocrx_word' id='word_1_80' title='bbox 394 1374 510 1462; x_wconf 82' lang='lat' dir='ltr'><strong>Atque</strong></span> <span class='ocrx_word' id='word_1_81' title='bbox 535 1375 638 1442; x_wconf 87' lang='lat' dir='ltr'>etiam</span> <span class='ocrx_word' id='word_1_82' title='bbox 662 1375 698 1440; x_wconf 93' lang='lat' dir='ltr'>in</span> <span class='ocrx_word' id='word_1_83' title='bbox 722 1376 923 1458; x_wconf 78' lang='lat' dir='ltr'>ten-alogus,</span> <span class='ocrx_word' id='word_1_84' title='bbox 948 1377 1072 1463; x_wconf 87' lang='lat' dir='ltr'>quibus</span> <span class='ocrx_word' id='word_1_85' title='bbox 1092 1378 1243 1444; x_wconf 86' lang='lat' dir='ltr'>maxime</span> <span class='ocrx_word' id='word_1_86' title='bbox 1259 1377 1481 1464; x_wconf 71' lang='lat' dir='ltr'>repertione</span> 
     </span>
     <span class='ocr_line' id='line_1_10' title="bbox 305 1481 1480 1570; baseline 0.002 -21"><span class='ocrx_word' id='word_1_87' title='bbox 305 1481 489 1568; x_wconf 89' lang='lat' dir='ltr'>peculiaris</span> <span class='ocrx_word' id='word_1_88' title='bbox 514 1487 575 1561; x_wconf 78' lang='lat' dir='ltr'>est,</span> <span class='ocrx_word' id='word_1_89' title='bbox 599 1481 702 1548; x_wconf 90' lang='lat' dir='ltr'>huius</span> <span class='ocrx_word' id='word_1_90' title='bbox 725 1483 862 1566; x_wconf 80' lang='lat' dir='ltr'>generis</span> <span class='ocrx_word' id='word_1_91' title='bbox 887 1483 1084 1569; x_wconf 87' lang='lat' dir='ltr'>exemplum</span> <span class='ocrx_word' id='word_1_92' title='bbox 1109 1483 1413 1570; x_wconf 82' lang='lat' dir='ltr'>deprehendimus:</span> <span class='ocrx_word' id='word_1_93' title='bbox 1438 1487 1480 1551; x_wconf 91' lang='lat'>11</span> 
     </span>
     <span class='ocr_line' id='line_1_11' title="bbox 305 1589 1395 1681; baseline 0 -23"><span class='ocrx_word' id='word_1_94' title='bbox 305 1592 330 1673; x_wconf 78' lang='grc' dir='ltr'><em>β</em></span> <span class='ocrx_word' id='word_1_95' title='bbox 351 1589 371 1658; x_wconf 89' lang='grc'><strong>3</strong></span> <span class='ocrx_word' id='word_1_96' title='bbox 395 1593 451 1654; x_wconf 78' lang='grc' dir='ltr'>καὶ</span> <span class='ocrx_word' id='word_1_97' title='bbox 473 1591 529 1675; x_wconf 68' lang='grc' dir='ltr'><em>ἐμὲ,</em></span> <span class='ocrx_word' id='word_1_98' title='bbox 549 1593 592 1666; x_wconf 84' lang='grc' dir='ltr'>ὡς</span> <span class='ocrx_word' id='word_1_99' title='bbox 613 1590 708 1653; x_wconf 72' lang='grc' dir='ltr'><em>δεινὸν</em></span> <span class='ocrx_word' id='word_1_100' title='bbox 727 1593 852 1676; x_wconf 78' lang='grc' dir='ltr'><strong><em>μὲν...</em></strong></span> <span class='ocrx_word' id='word_1_101' title='bbox 877 1595 920 1668; x_wconf 83' lang='grc' dir='ltr'>ὡς</span> <span class='ocrx_word' id='word_1_102' title='bbox 941 1590 970 1656; x_wconf 77' lang='grc' dir='ltr'>δ’</span> <span class='ocrx_word' id='word_1_103' title='bbox 996 1592 1118 1681; x_wconf 67' lang='grc' dir='ltr'>ἠλίθιον.</span> <span class='ocrx_word' id='word_1_104' title='bbox 1392 1597 1395 1602; x_wconf 77' lang='grc'><strong>’</strong></span> 
     </span>
    </p>

    <p class='ocr_par' dir='ltr' id='par_1_4' title="bbox 304 1694 1479 2528">
     <span class='ocr_line' id='line_1_12' title="bbox 394 1694 1479 1783; baseline 0.001 -21"><span class='ocrx_word' id='word_1_105' title='bbox 394 1694 444 1762; x_wconf 92' lang='lat' dir='ltr'>Ut</span> <span class='ocrx_word' id='word_1_106' title='bbox 467 1700 584 1762; x_wconf 92' lang='lat' dir='ltr'>autem</span> <span class='ocrx_word' id='word_1_107' title='bbox 606 1694 746 1780; x_wconf 88' lang='lat' dir='ltr'>plenius</span> <span class='ocrx_word' id='word_1_108' title='bbox 770 1697 1004 1780; x_wconf 77' lang='lat' dir='ltr'>intellegatur,</span> <span class='ocrx_word' id='word_1_109' title='bbox 1029 1718 1135 1783; x_wconf 89' lang='lat' dir='ltr'>quam</span> <span class='ocrx_word' id='word_1_110' title='bbox 1155 1697 1224 1764; x_wconf 88' lang='lat' dir='ltr'>late</span> <span class='ocrx_word' id='word_1_111' title='bbox 1239 1702 1358 1783; x_wconf 88' lang='lat' dir='ltr'>pateat</span> <span class='ocrx_word' id='word_1_112' title='bbox 1375 1696 1479 1764; x_wconf 88' lang='lat' dir='ltr'>Anti-</span> 
     </span>
     <span class='ocr_line' id='line_1_13' title="bbox 304 1801 1479 1889; baseline 0.002 -21"><span class='ocrx_word' id='word_1_113' title='bbox 304 1801 447 1889; x_wconf 82' lang='lat' dir='ltr'><strong>phontis</strong></span> <span class='ocrx_word' id='word_1_114' title='bbox 472 1803 684 1869; x_wconf 88' lang='lat' dir='ltr'>consuetudo</span> <span class='ocrx_word' id='word_1_115' title='bbox 708 1807 755 1867; x_wconf 80' lang='grc' dir='ltr'>καὶ</span> <span class='ocrx_word' id='word_1_116' title='bbox 777 1803 947 1889; x_wconf 88' lang='lat' dir='ltr'>particula</span> <span class='ocrx_word' id='word_1_117' title='bbox 969 1809 1176 1886; x_wconf 82' lang='lat' dir='ltr'>argumenta</span> <span class='ocrx_word' id='word_1_118' title='bbox 1192 1805 1404 1882; x_wconf 75' lang='lat' dir='ltr'>conectendi,</span> <span class='ocrx_word' id='word_1_119' title='bbox 1422 1825 1479 1870; x_wconf 90' lang='lat' dir='ltr'>os-</span> 
     </span>
     <span class='ocr_line' id='line_1_14' title="bbox 304 1907 1479 1996; baseline 0 -20"><span class='ocrx_word' id='word_1_120' title='bbox 304 1911 444 1976; x_wconf 82' lang='lat' dir='ltr'>tendere</span> <span class='ocrx_word' id='word_1_121' title='bbox 467 1907 632 1976; x_wconf 85' lang='lat' dir='ltr'>hocloco</span> <span class='ocrx_word' id='word_1_122' title='bbox 655 1909 767 1989; x_wconf 82' lang='lat' dir='ltr'>liceat,</span> <span class='ocrx_word' id='word_1_123' title='bbox 792 1911 953 1996; x_wconf 86' lang='lat' dir='ltr'>quotiens</span> <span class='ocrx_word' id='word_1_124' title='bbox 978 1911 1098 1976; x_wconf 84' lang='lat' dir='ltr'>ceteris</span> <span class='ocrx_word' id='word_1_125' title='bbox 1122 1914 1241 1976; x_wconf 88' lang='lat' dir='ltr'>utatur</span> <span class='ocrx_word' id='word_1_126' title='bbox 1266 1911 1479 1976; x_wconf 85' lang='lat' dir='ltr'>coniunctio-</span> 
     </span>
     <span class='ocr_line' id='line_1_15' title="bbox 304 2014 1478 2102; baseline -0.002 -19"><span class='ocrx_word' id='word_1_127' title='bbox 304 2015 419 2096; x_wconf 74' lang='lat' dir='ltr'>nibus</span> <span class='ocrx_word' id='word_1_128' title='bbox 436 2035 525 2102; x_wconf 91' lang='lat' dir='ltr'>quae</span> <span class='ocrx_word' id='word_1_129' title='bbox 543 2015 682 2102; x_wconf 91' lang='lat' dir='ltr'>quidem</span> <span class='ocrx_word' id='word_1_130' title='bbox 698 2016 734 2081; x_wconf 94' lang='lat' dir='ltr'>in</span> <span class='ocrx_word' id='word_1_131' title='bbox 750 2014 818 2083; x_wconf 91' lang='lat' dir='ltr'>hoc</span> <span class='ocrx_word' id='word_1_132' title='bbox 830 2017 1034 2083; x_wconf 89' lang='lat' dir='ltr'>transeundi</span> <span class='ocrx_word' id='word_1_133' title='bbox 1046 2037 1172 2100; x_wconf 82' lang='lat' dir='ltr'>genere</span> <span class='ocrx_word' id='word_1_134' title='bbox 1183 2015 1339 2084; x_wconf 79' lang='lat' dir='ltr'>habeant</span> <span class='ocrx_word' id='word_1_135' title='bbox 1350 2014 1478 2096; x_wconf 78' lang='lat' dir='ltr'>locum,</span> 
     </span>
     <span class='ocr_line' id='line_1_16' title="bbox 305 2121 1478 2210; baseline -0.001 -21"><span class='ocrx_word' id='word_1_136' title='bbox 305 2124 445 2190; x_wconf 88' lang='lat' dir='ltr'>omissis</span> <span class='ocrx_word' id='word_1_137' title='bbox 477 2127 596 2190; x_wconf 89' lang='lat' dir='ltr'>tamen</span> <span class='ocrx_word' id='word_1_138' title='bbox 630 2124 678 2198; x_wconf 75' lang='grc' dir='ltr'>δὲ,</span> <span class='ocrx_word' id='word_1_139' title='bbox 708 2123 774 2197; x_wconf 81' lang='grc' dir='ltr'><em>οὖν,</em></span> <span class='ocrx_word' id='word_1_140' title='bbox 805 2125 879 2210; x_wconf 69' lang='grc' dir='ltr'>γὰρ,</span> <span class='ocrx_word' id='word_1_141' title='bbox 909 2122 951 2189; x_wconf 91' lang='lat' dir='ltr'>de</span> <span class='ocrx_word' id='word_1_142' title='bbox 980 2121 1107 2208; x_wconf 89' lang='lat' dir='ltr'>quibus</span> <span class='ocrx_word' id='word_1_143' title='bbox 1132 2127 1254 2208; x_wconf 86' lang='lat' dir='ltr'>postea</span> <span class='ocrx_word' id='word_1_144' title='bbox 1283 2121 1478 2190; x_wconf 82' lang='lat' dir='ltr'>accuratius</span> 
     </span>
     <span class='ocr_line' id='line_1_17' title="bbox 304 2225 1478 2316; baseline -0.001 -21"><span class='ocrx_word' id='word_1_145' title='bbox 304 2228 511 2296; x_wconf 83' lang='lat' dir='ltr'>videbimus,</span> <span class='ocrx_word' id='word_1_146' title='bbox 559 2225 626 2294; x_wconf 89' lang='lat' dir='ltr'>Hic</span> <span class='ocrx_word' id='word_1_147' title='bbox 655 2231 740 2294; x_wconf 85' lang='lat' dir='ltr'>satis</span> <span class='ocrx_word' id='word_1_148' title='bbox 768 2227 882 2296; x_wconf 91' lang='lat' dir='ltr'>habeo</span> <span class='ocrx_word' id='word_1_149' title='bbox 912 2227 1084 2314; x_wconf 87' lang='lat' dir='ltr'>explicare</span> <span class='ocrx_word' id='word_1_150' title='bbox 1111 2226 1190 2294; x_wconf 86' lang='lat' dir='ltr'>ilias</span> <span class='ocrx_word' id='word_1_151' title='bbox 1215 2227 1359 2295; x_wconf 86' lang='lat' dir='ltr'>voculas</span> <span class='ocrx_word' id='word_1_152' title='bbox 1382 2228 1478 2316; x_wconf 83' lang='lat' dir='ltr'>ipsas</span> 
     </span>
     <span class='ocr_line' id='line_1_18' title="bbox 305 2332 1479 2422; baseline -0.003 -20"><span class='ocrx_word' id='word_1_153' title='bbox 305 2355 443 2422; x_wconf 90' lang='lat' dir='ltr'>quoque</span> <span class='ocrx_word' id='word_1_154' title='bbox 469 2335 506 2400; x_wconf 94' lang='lat' dir='ltr'>in</span> <span class='ocrx_word' id='word_1_155' title='bbox 530 2332 596 2400; x_wconf 85' lang='lat' dir='ltr'>hac</span> <span class='ocrx_word' id='word_1_156' title='bbox 619 2355 655 2400; x_wconf 91' lang='lat' dir='ltr'>re</span> <span class='ocrx_word' id='word_1_157' title='bbox 678 2332 897 2420; x_wconf 86' lang='lat' dir='ltr'>frequentari.</span> <span class='ocrx_word' id='word_1_158' title='bbox 939 2332 1148 2413; x_wconf 78' lang='lat' dir='ltr'>Ceterorum,</span> <span class='ocrx_word' id='word_1_159' title='bbox 1174 2354 1262 2420; x_wconf 91' lang='lat' dir='ltr'>quae</span> <span class='ocrx_word' id='word_1_160' title='bbox 1286 2333 1416 2419; x_wconf 93' lang='lat' dir='ltr'>ubique</span> <span class='ocrx_word' id='word_1_161' title='bbox 1433 2334 1479 2399; x_wconf 90' lang='lat' dir='ltr'>ad</span> 
     </span>
     <span class='ocr_line' id='line_1_19' title="bbox 305 2441 1409 2528; baseline -0.003 -19"><span class='ocrx_word' id='word_1_162' title='bbox 305 2446 590 2524; x_wconf 82' lang='lat' dir='ltr'>argumentorum</span> <span class='ocrx_word' id='word_1_163' title='bbox 614 2441 737 2508; x_wconf 87' lang='lat' dir='ltr'>seriem</span> <span class='ocrx_word' id='word_1_164' title='bbox 762 2442 1034 2508; x_wconf 83' lang='lat' dir='ltr'>continuandam</span> <span class='ocrx_word' id='word_1_165' title='bbox 1056 2442 1240 2527; x_wconf 72' lang='lat' dir='ltr'>pertinent,</span> <span class='ocrx_word' id='word_1_166' title='bbox 1266 2445 1409 2528; x_wconf 86' lang='lat' dir='ltr'>apparet</span> 
     </span>
    </p>
   </div>
   <div class='ocr_carea' id='block_1_3' title="bbox 305 2545 1389 2687">
    <p class='ocr_par' dir='ltr' id='par_1_5' title="bbox 305 2545 1389 2687">
     <span class='ocr_line' id='line_1_20' title="bbox 305 2545 1389 2687; baseline -0.001 -73"><span class='ocrx_word' id='word_1_167' title='bbox 305 2550 422 2614; x_wconf 78' lang='grc' dir='ltr'><em>τοίνυν</em></span> <span class='ocrx_word' id='word_1_168' title='bbox 444 2549 482 2615; x_wconf 93' lang='lat' dir='ltr'>in</span> <span class='ocrx_word' id='word_1_169' title='bbox 505 2546 629 2616; x_wconf 88' lang='lat' dir='ltr'>tetrall.</span> <span class='ocrx_word' id='word_1_170' title='bbox 655 2546 709 2614; x_wconf 91' lang='lat' dir='ltr'>bis</span> <span class='ocrx_word' id='word_1_171' title='bbox 727 2545 794 2633; x_wconf 91' lang='grc' dir='ltr'>(ΙΙΙ</span> <span class='ocrx_word' id='word_1_172' title='bbox 806 2550 830 2632; x_wconf 77' lang='grc' dir='ltr'>β</span> <span class='ocrx_word' id='word_1_173' title='bbox 841 2547 876 2627; x_wconf 77' lang='grc'>7;</span> <span class='ocrx_word' id='word_1_174' title='bbox 893 2545 943 2613; x_wconf 91' lang='lat' dir='ltr'>IV</span> <span class='ocrx_word' id='word_1_175' title='bbox 956 2574 976 2613; x_wconf 86' lang='grc' dir='ltr'>α</span> <span class='ocrx_word' id='word_1_176' title='bbox 991 2547 1011 2613; x_wconf 78' lang='lat'>7</span> <span class='ocrx_word' id='word_1_177' title='bbox 1015 2555 1040 2631; x_wconf 74' lang='grc'><strong>1,</strong></span> <span class='ocrx_word' id='word_1_178' title='bbox 1056 2547 1093 2614; x_wconf 88' lang='lat' dir='ltr'>in</span> <span class='ocrx_word' id='word_1_179' title='bbox 1110 2553 1206 2615; x_wconf 89' lang='lat' dir='ltr'>oratt.</span> <span class='ocrx_word' id='word_1_180' title='bbox 1230 2555 1240 2634; x_wconf 76' lang='lat'>1</span> <span class='ocrx_word' id='word_1_181' title='bbox 1264 2599 1389 2687; x_wconf 57' lang='lat' dir='ltr'>septies</span> 
     </span>
    </p>
   </div>
   <div class='ocr_carea' id='block_1_4' title="bbox 305 2635 1301 3169">
    <p class='ocr_par' dir='ltr' id='par_1_6' title="bbox 305 2635 1301 3169">
     <span class='ocr_line' id='line_1_21' title="bbox 465 2635 1243 2742; baseline -0.005 -21"><span class='ocrx_word' id='word_1_182' title='bbox 465 2654 645 2742; x_wconf 83' lang='lat' dir='ltr'>quinquies</span> <span class='ocrx_word' id='word_1_183' title='bbox 675 2651 722 2738; x_wconf 86' lang='lat' dir='ltr'>(V</span> <span class='ocrx_word' id='word_1_184' title='bbox 746 2653 805 2732; x_wconf 80' lang='lat'>60;</span> <span class='ocrx_word' id='word_1_185' title='bbox 828 2652 886 2733; x_wconf 87' lang='grc'>66;</span> <span class='ocrx_word' id='word_1_186' title='bbox 911 2651 1125 2734; x_wconf 72' lang='grc' dir='ltr'><strong>83ς11126;</strong></span> <span class='ocrx_word' id='word_1_187' title='bbox 1150 2654 1208 2738; x_wconf 85' lang='grc'><strong>31)</strong></span> <span class='ocrx_word' id='word_1_188' title='bbox 1230 2635 1243 2717; x_wconf 88' lang='grc'><strong>1</strong></span> 
     </span>
     <span class='ocr_line' id='line_1_22' title="bbox 305 2763 482 2849; baseline 0.006 -25"><span class='ocrx_word' id='word_1_189' title='bbox 305 2763 482 2849; x_wconf 79' lang='grc' dir='ltr'><em>ἀλλὰ-μὴν</em></span> 
     </span>
     <span class='ocr_line' id='line_1_23' title="bbox 305 2869 544 2955; baseline 0 -24"><span class='ocrx_word' id='word_1_190' title='bbox 305 2869 544 2955; x_wconf 77' lang='grc' dir='ltr'><em>οὐμὴνάλλὰ</em></span> 
     </span>
     <span class='ocr_line' id='line_1_24' title="bbox 305 2971 1206 3062; baseline 0.002 -25"><span class='ocrx_word' id='word_1_191' title='bbox 305 2976 447 3062; x_wconf 75' lang='grc' dir='ltr'><em>καὶμὴν</em></span> <span class='ocrx_word' id='word_1_192' title='bbox 492 2971 525 3038; x_wconf 94' lang='lat' dir='ltr'>V</span> <span class='ocrx_word' id='word_1_193' title='bbox 549 2972 606 3053; x_wconf 76' lang='grc'>28;</span> <span class='ocrx_word' id='word_1_194' title='bbox 631 2973 675 3038; x_wconf 84' lang='grc'>44</span> <span class='ocrx_word' id='word_1_195' title='bbox 698 2973 769 3052; x_wconf 88' lang='lat' dir='ltr'>bis;</span> <span class='ocrx_word' id='word_1_196' title='bbox 793 2973 851 3052; x_wconf 85' lang='lat'>91;</span> <span class='ocrx_word' id='word_1_197' title='bbox 876 2973 919 3041; x_wconf 77' lang='lat'>92</span> <span class='ocrx_word' id='word_1_198' title='bbox 967 2997 999 3019; x_wconf 97' lang='lat'><strong><em>=</em></strong></span> <span class='ocrx_word' id='word_1_199' title='bbox 1024 2975 1206 3060; x_wconf 86' lang='lat' dir='ltr'>quinquies</span> 
     </span>
     <span class='ocr_line' id='line_1_25' title="bbox 305 3078 1301 3169; baseline 0.002 -25"><span class='ocrx_word' id='word_1_200' title='bbox 305 3081 360 3169; x_wconf 74' lang='grc' dir='ltr'>δὴῖ</span> <span class='ocrx_word' id='word_1_201' title='bbox 385 3083 491 3144; x_wconf 76' lang='grc' dir='ltr'><em>οὑτωσὶ</em></span> <span class='ocrx_word' id='word_1_202' title='bbox 510 3083 565 3166; x_wconf 81' lang='grc' dir='ltr'>μὲν</span> <span class='ocrx_word' id='word_1_203' title='bbox 589 3078 682 3169; x_wconf 71' lang='grc' dir='ltr'>δὴΙῙ</span> <span class='ocrx_word' id='word_1_204' title='bbox 709 3079 764 3159; x_wconf 82' lang='grc'><strong>19;</strong></span> <span class='ocrx_word' id='word_1_205' title='bbox 790 3084 837 3145; x_wconf 77' lang='grc' dir='ltr'>καὶ</span> <span class='ocrx_word' id='word_1_206' title='bbox 856 3079 1111 3169; x_wconf 59' lang='lat' dir='ltr'>pirr‘quSh</span> <span class='ocrx_word' id='word_1_207' title='bbox 1136 3081 1178 3149; x_wconf 82' lang='grc'>63</span> <span class='ocrx_word' id='word_1_208' title='bbox 1295 3135 1301 3146; x_wconf 93' lang='lat'>.</span> 
     </span>
    </p>
   </div>
   <div class='ocr_carea' id='block_1_5' title="bbox 608 2812 991 2896">
    <p class='ocr_par' dir='ltr' id='par_1_7' title="bbox 608 2812 991 2896">
     <span class='ocr_line' id='line_1_26' title="bbox 608 2812 991 2896; baseline -0.003 -16"><span class='ocrx_word' id='word_1_209' title='bbox 608 2814 746 2880; x_wconf 90' lang='lat' dir='ltr'>omnino</span> <span class='ocrx_word' id='word_1_210' title='bbox 771 2834 841 2880; x_wconf 89' lang='lat' dir='ltr'>non</span> <span class='ocrx_word' id='word_1_211' title='bbox 863 2812 991 2896; x_wconf 81' lang='lat' dir='ltr'>legitur</span> 
     </span>
    </p>
   </div>
   <div class='ocr_carea' id='block_1_6' title="bbox 464 3135 1427 3277">
    <p class='ocr_par' dir='ltr' id='par_1_8' title="bbox 464 3135 1427 3277">
     <span class='ocr_line' id='line_1_27' title="bbox 464 3135 1427 3277; baseline -0.081 -3"><span class='ocrx_word' id='word_1_212' title='bbox 464 3189 540 3275; x_wconf 66' lang='grc' dir='ltr'><em>φέρε</em></span> <span class='ocrx_word' id='word_1_213' title='bbox 565 3190 623 3276; x_wconf 71' lang='grc' dir='ltr'>γὰρ</span> <span class='ocrx_word' id='word_1_214' title='bbox 647 3189 684 3277; x_wconf 73' lang='grc' dir='ltr'>δὴ</span> <span class='ocrx_word' id='word_1_215' title='bbox 707 3186 740 3252; x_wconf 89' lang='lat' dir='ltr'>V</span> <span class='ocrx_word' id='word_1_216' title='bbox 765 3187 822 3266; x_wconf 81' lang='lat'>36;</span> <span class='ocrx_word' id='word_1_217' title='bbox 847 3189 884 3276; x_wconf 63' lang='lat' dir='ltr'>pq</span> <span class='ocrx_word' id='word_1_218' title='bbox 907 3186 959 3253; x_wconf 71' lang='lat' dir='ltr'>IV</span> <span class='ocrx_word' id='word_1_219' title='bbox 983 3187 1044 3271; x_wconf 48' lang='grc' dir='ltr'>ΤΞ</span> <span class='ocrx_word' id='word_1_220' title='bbox 1246 3135 1427 3221; x_wconf 82' lang='lat' dir='ltr'>qumquies</span> 
     </span>
    </p>
   </div>
   <div class='ocr_carea' id='block_1_7' title="bbox 303 3292 1477 4244">
    <p class='ocr_par' dir='ltr' id='par_1_9' title="bbox 303 3292 1477 4244">
     <span class='ocr_line' id='line_1_28' title="bbox 393 3292 1475 3380; baseline 0.003 -21"><span class='ocrx_word' id='word_1_221' title='bbox 393 3292 501 3380; x_wconf 86' lang='lat' dir='ltr'>Apud</span> <span class='ocrx_word' id='word_1_222' title='bbox 529 3293 616 3361; x_wconf 87' lang='lat' dir='ltr'>alios</span> <span class='ocrx_word' id='word_1_223' title='bbox 640 3295 823 3380; x_wconf 87' lang='lat' dir='ltr'>scriptores</span> <span class='ocrx_word' id='word_1_224' title='bbox 849 3300 1013 3362; x_wconf 87' lang='lat' dir='ltr'>constans</span> <span class='ocrx_word' id='word_1_225' title='bbox 1037 3293 1107 3362; x_wconf 86' lang='lat' dir='ltr'>fere</span> <span class='ocrx_word' id='word_1_226' title='bbox 1132 3301 1165 3362; x_wconf 92' lang='lat' dir='ltr'>et</span> <span class='ocrx_word' id='word_1_227' title='bbox 1187 3294 1366 3378; x_wconf 82' lang='lat' dir='ltr'>legitimus</span> <span class='ocrx_word' id='word_1_228' title='bbox 1389 3315 1475 3362; x_wconf 88' lang='lat' dir='ltr'>usus</span> 
     </span>
     <span class='ocr_line' id='line_1_29' title="bbox 305 3400 1475 3486; baseline 0 -18"><span class='ocrx_word' id='word_1_229' title='bbox 305 3405 370 3479; x_wconf 78' lang='lat' dir='ltr'>est,</span> <span class='ocrx_word' id='word_1_230' title='bbox 403 3404 441 3465; x_wconf 92' lang='lat' dir='ltr'>ut</span> <span class='ocrx_word' id='word_1_231' title='bbox 472 3400 641 3486; x_wconf 90' lang='lat' dir='ltr'>imprimis</span> <span class='ocrx_word' id='word_1_232' title='bbox 674 3404 721 3465; x_wconf 77' lang='grc' dir='ltr'>καὶ</span> <span class='ocrx_word' id='word_1_233' title='bbox 747 3401 916 3486; x_wconf 81' lang='lat' dir='ltr'>particula</span> <span class='ocrx_word' id='word_1_234' title='bbox 949 3420 990 3467; x_wconf 94' lang='lat' dir='ltr'>ea</span> <span class='ocrx_word' id='word_1_235' title='bbox 1018 3403 1199 3468; x_wconf 88' lang='lat' dir='ltr'>enuntiata</span> <span class='ocrx_word' id='word_1_236' title='bbox 1227 3403 1475 3484; x_wconf 78' lang='lat' dir='ltr'>adiungantur,</span> 
     </span>
     <span class='ocr_line' id='line_1_30' title="bbox 305 3505 1476 3594; baseline 0.003 -22"><span class='ocrx_word' id='word_1_237' title='bbox 305 3506 430 3594; x_wconf 91' lang='lat' dir='ltr'>quibus</span> <span class='ocrx_word' id='word_1_238' title='bbox 448 3507 489 3587; x_wconf 84' lang='lat' dir='ltr'>is,</span> <span class='ocrx_word' id='word_1_239' title='bbox 514 3507 572 3593; x_wconf 91' lang='lat' dir='ltr'>qui</span> <span class='ocrx_word' id='word_1_240' title='bbox 588 3507 750 3593; x_wconf 80' lang='lat' dir='ltr'>loquitur,</span> <span class='ocrx_word' id='word_1_241' title='bbox 767 3509 813 3574; x_wconf 86' lang='lat' dir='ltr'>ad</span> <span class='ocrx_word' id='word_1_242' title='bbox 828 3513 968 3574; x_wconf 88' lang='lat' dir='ltr'>narrata</span> <span class='ocrx_word' id='word_1_243' title='bbox 984 3505 1222 3575; x_wconf 88' lang='lat' dir='ltr'>confirmanda</span> <span class='ocrx_word' id='word_1_244' title='bbox 1236 3513 1342 3576; x_wconf 91' lang='lat' dir='ltr'>testes</span> <span class='ocrx_word' id='word_1_245' title='bbox 1358 3511 1476 3575; x_wconf 86' lang='lat' dir='ltr'>vocari</span> 
     </span>
     <span class='ocr_line' id='line_1_31' title="bbox 303 3613 1475 3701; baseline 0.002 -20"><span class='ocrx_word' id='word_1_246' title='bbox 303 3615 359 3682; x_wconf 84' lang='lat' dir='ltr'>vel</span> <span class='ocrx_word' id='word_1_247' title='bbox 375 3615 574 3682; x_wconf 89' lang='lat' dir='ltr'>testimonia</span> <span class='ocrx_word' id='word_1_248' title='bbox 589 3614 684 3697; x_wconf 85' lang='lat' dir='ltr'>leges</span> <span class='ocrx_word' id='word_1_249' title='bbox 699 3613 972 3700; x_wconf 85' lang='lat' dir='ltr'>plebisccnsulta</span> <span class='ocrx_word' id='word_1_250' title='bbox 987 3615 1203 3701; x_wconf 89' lang='lat' dir='ltr'>pronuntiari</span> <span class='ocrx_word' id='word_1_251' title='bbox 1218 3615 1323 3682; x_wconf 89' lang='lat' dir='ltr'>iubet.</span> <span class='ocrx_word' id='word_1_252' title='bbox 1364 3614 1475 3683; x_wconf 88' lang='lat' dir='ltr'>Aliter</span> 
     </span>
     <span class='ocr_line' id='line_1_32' title="bbox 304 3720 1474 3807; baseline 0.002 -19"><span class='ocrx_word' id='word_1_253' title='bbox 304 3742 386 3789; x_wconf 82' lang='lat' dir='ltr'>vero</span> <span class='ocrx_word' id='word_1_254' title='bbox 409 3741 465 3788; x_wconf 87' lang='lat' dir='ltr'>res</span> <span class='ocrx_word' id='word_1_255' title='bbox 489 3742 525 3789; x_wconf 92' lang='lat' dir='ltr'>se</span> <span class='ocrx_word' id='word_1_256' title='bbox 545 3721 654 3788; x_wconf 91' lang='lat' dir='ltr'>habet</span> <span class='ocrx_word' id='word_1_257' title='bbox 670 3722 764 3807; x_wconf 88' lang='lat' dir='ltr'>apud</span> <span class='ocrx_word' id='word_1_258' title='bbox 779 3720 1044 3807; x_wconf 86' lang='lat' dir='ltr'>Antiphontem.</span> <span class='ocrx_word' id='word_1_259' title='bbox 1084 3721 1166 3789; x_wconf 87' lang='lat' dir='ltr'>Uno</span> <span class='ocrx_word' id='word_1_260' title='bbox 1184 3723 1276 3788; x_wconf 91' lang='lat' dir='ltr'>enim</span> <span class='ocrx_word' id='word_1_261' title='bbox 1291 3722 1365 3790; x_wconf 89' lang='lat' dir='ltr'>loeo</span> <span class='ocrx_word' id='word_1_262' title='bbox 1384 3720 1416 3788; x_wconf 94' lang='lat' dir='ltr'>V</span> <span class='ocrx_word' id='word_1_263' title='bbox 1432 3723 1474 3790; x_wconf 87' lang='grc'>56</span> 
     </span>
     <span class='ocr_line' id='line_1_33' title="bbox 305 3828 1475 3918; baseline -0.002 -21"><span class='ocrx_word' id='word_1_264' title='bbox 305 3835 420 3897; x_wconf 85' lang='lat' dir='ltr'>exstat</span> <span class='ocrx_word' id='word_1_265' title='bbox 442 3831 492 3895; x_wconf 79' lang='grc' dir='ltr'>καί</span> <span class='ocrx_word' id='word_1_266' title='bbox 508 3855 560 3916; x_wconf 81' lang='grc' dir='ltr'>μοι</span> <span class='ocrx_word' id='word_1_267' title='bbox 579 3833 739 3918; x_wconf 77' lang='grc' dir='ltr'>μάρτυρας</span> <span class='ocrx_word' id='word_1_268' title='bbox 759 3832 870 3895; x_wconf 80' lang='grc' dir='ltr'><em>τούτων</em></span> <span class='ocrx_word' id='word_1_269' title='bbox 893 3833 983 3905; x_wconf 81' lang='grc' dir='ltr'><em>κάλει,</em></span> <span class='ocrx_word' id='word_1_270' title='bbox 1009 3850 1088 3898; x_wconf 84' lang='lat' dir='ltr'>oum</span> <span class='ocrx_word' id='word_1_271' title='bbox 1105 3831 1226 3897; x_wconf 83' lang='lat' dir='ltr'>ceteris</span> <span class='ocrx_word' id='word_1_272' title='bbox 1242 3828 1327 3897; x_wconf 82' lang='lat' dir='ltr'>locis</span> <span class='ocrx_word' id='word_1_273' title='bbox 1345 3831 1380 3894; x_wconf 74' lang='grc' dir='ltr'>δὲ</span> <span class='ocrx_word' id='word_1_274' title='bbox 1394 3851 1475 3916; x_wconf 84' lang='lat' dir='ltr'>par-</span> 
     </span>
     <span class='ocr_line' id='line_1_34' title="bbox 303 3936 1475 4022; baseline 0 -20"><span class='ocrx_word' id='word_1_275' title='bbox 303 3937 411 4004; x_wconf 87' lang='lat' dir='ltr'>ticula</span> <span class='ocrx_word' id='word_1_276' title='bbox 425 3936 495 4004; x_wconf 88' lang='lat' dir='ltr'>tale</span> <span class='ocrx_word' id='word_1_277' title='bbox 508 3937 727 4003; x_wconf 87' lang='lat' dir='ltr'>enuntiatum</span> <span class='ocrx_word' id='word_1_278' title='bbox 740 3942 925 4016; x_wconf 84' lang='lat' dir='ltr'>asseratur,</span> <span class='ocrx_word' id='word_1_279' title='bbox 943 3941 1047 4022; x_wconf 88' lang='lat' dir='ltr'>atque</span> <span class='ocrx_word' id='word_1_280' title='bbox 1058 3936 1107 4002; x_wconf 87' lang='lat' dir='ltr'>ita</span> <span class='ocrx_word' id='word_1_281' title='bbox 1121 3936 1272 4022; x_wconf 79' lang='lat' dir='ltr'>quidem,</span> <span class='ocrx_word' id='word_1_282' title='bbox 1290 3940 1329 4001; x_wconf 91' lang='lat' dir='ltr'>ut</span> <span class='ocrx_word' id='word_1_283' title='bbox 1340 3940 1475 4021; x_wconf 85' lang='lat' dir='ltr'>praeter</span> 
     </span>
     <span class='ocr_line' id='line_1_35' title="bbox 304 4040 1475 4128; baseline 0.001 -20"><span class='ocrx_word' id='word_1_284' title='bbox 304 4063 415 4109; x_wconf 91' lang='lat' dir='ltr'>unum</span> <span class='ocrx_word' id='word_1_285' title='bbox 444 4063 564 4110; x_wconf 88' lang='lat' dir='ltr'>omnes</span> <span class='ocrx_word' id='word_1_286' title='bbox 593 4043 651 4128; x_wconf 91' lang='lat' dir='ltr'>qui</span> <span class='ocrx_word' id='word_1_287' title='bbox 675 4042 851 4109; x_wconf 91' lang='lat' dir='ltr'>codicibus</span> <span class='ocrx_word' id='word_1_288' title='bbox 876 4047 1059 4109; x_wconf 85' lang='lat' dir='ltr'>servantur</span> <span class='ocrx_word' id='word_1_289' title='bbox 1082 4041 1148 4108; x_wconf 89' lang='lat' dir='ltr'>loci</span> <span class='ocrx_word' id='word_1_290' title='bbox 1170 4062 1277 4108; x_wconf 91' lang='lat' dir='ltr'>unam</span> <span class='ocrx_word' id='word_1_291' title='bbox 1301 4040 1370 4109; x_wconf 88' lang='lat' dir='ltr'>fere</span> <span class='ocrx_word' id='word_1_292' title='bbox 1394 4063 1475 4109; x_wconf 87' lang='lat' dir='ltr'>ean-</span> 
     </span>
     <span class='ocr_line' id='line_1_36' title="bbox 306 4146 1477 4244; baseline -0.002 -30"><span class='ocrx_word' id='word_1_293' title='bbox 306 4149 453 4236; x_wconf 90' lang='lat' dir='ltr'>demque</span> <span class='ocrx_word' id='word_1_294' title='bbox 484 4147 630 4215; x_wconf 88' lang='lat' dir='ltr'>formam</span> <span class='ocrx_word' id='word_1_295' title='bbox 659 4147 847 4215; x_wconf 87' lang='lat' dir='ltr'>exhibeant</span> <span class='ocrx_word' id='word_1_296' title='bbox 857 4151 895 4232; x_wconf 82' lang='lat'>¹),</span> <span class='ocrx_word' id='word_1_297' title='bbox 925 4167 1012 4234; x_wconf 91' lang='lat' dir='ltr'>quae</span> <span class='ocrx_word' id='word_1_298' title='bbox 1040 4151 1092 4213; x_wconf 91' lang='lat' dir='ltr'>est</span> <span class='ocrx_word' id='word_1_299' title='bbox 1119 4150 1230 4244; x_wconf 70' lang='lat' dir='ltr'>roam</span> <span class='ocrx_word' id='word_1_300' title='bbox 1258 4146 1287 4212; x_wconf 72' lang='grc' dir='ltr'>δ’</span> <span class='ocrx_word' id='word_1_301' title='bbox 1318 4151 1382 4236; x_wconf 64' lang='grc' dir='ltr'>ὑμῖν</span> <span class='ocrx_word' id='word_1_302' title='bbox 1410 4151 1477 4225; x_wconf 81' lang='grc' dir='ltr'><strong><em>τοὺς</em></strong></span> 
     </span>
    </p>
   </div>
   <div class='ocr_carea' id='block_1_8' title="bbox 304 4291 1474 4446">
    <p class='ocr_par' dir='ltr' id='par_1_10' title="bbox 304 4291 1474 4446">
     <span class='ocr_line' id='line_1_37' title="bbox 376 4291 1474 4360; baseline -0.003 -15"><span class='ocrx_word' id='word_1_303' title='bbox 376 4293 397 4360; x_wconf 87' lang='grc'>1)</span> <span class='ocrx_word' id='word_1_304' title='bbox 417 4294 454 4346; x_wconf 92' lang='lat' dir='ltr'>In</span> <span class='ocrx_word' id='word_1_305' title='bbox 478 4292 533 4344; x_wconf 88' lang='lat' dir='ltr'>hac</span> <span class='ocrx_word' id='word_1_306' title='bbox 557 4293 633 4344; x_wconf 87' lang='lat' dir='ltr'>siout</span> <span class='ocrx_word' id='word_1_307' title='bbox 655 4293 687 4344; x_wconf 93' lang='lat' dir='ltr'>in</span> <span class='ocrx_word' id='word_1_308' title='bbox 710 4293 776 4344; x_wconf 86' lang='lat' dir='ltr'>aliis</span> <span class='ocrx_word' id='word_1_309' title='bbox 795 4292 884 4344; x_wconf 87' lang='lat' dir='ltr'>rebus</span> <span class='ocrx_word' id='word_1_310' title='bbox 905 4307 972 4343; x_wconf 88' lang='lat' dir='ltr'>eum</span> <span class='ocrx_word' id='word_1_311' title='bbox 992 4291 1177 4357; x_wconf 86' lang='lat' dir='ltr'>Antiphonte</span> <span class='ocrx_word' id='word_1_312' title='bbox 1196 4292 1313 4344; x_wconf 86' lang='lat' dir='ltr'>Isaeum</span> <span class='ocrx_word' id='word_1_313' title='bbox 1333 4291 1474 4358; x_wconf 89' lang='lat' dir='ltr'>quodam-</span> 
     </span>
     <span class='ocr_line' id='line_1_38' title="bbox 304 4378 1134 4446; baseline -0.002 -12"><span class='ocrx_word' id='word_1_314' title='bbox 304 4382 392 4436; x_wconf 91' lang='lat' dir='ltr'>modo</span> <span class='ocrx_word' id='word_1_315' title='bbox 412 4381 579 4433; x_wconf 88' lang='lat' dir='ltr'>consentire</span> <span class='ocrx_word' id='word_1_316' title='bbox 598 4380 746 4446; x_wconf 80' lang='lat' dir='ltr'>videmus,</span> <span class='ocrx_word' id='word_1_317' title='bbox 764 4380 799 4432; x_wconf 86' lang='lat' dir='ltr'>cf.</span> <span class='ocrx_word' id='word_1_318' title='bbox 819 4380 857 4432; x_wconf 89' lang='lat' dir='ltr'>Is.</span> <span class='ocrx_word' id='word_1_319' title='bbox 876 4381 912 4433; x_wconf 92' lang='lat' dir='ltr'>V.</span> <span class='ocrx_word' id='word_1_320' title='bbox 934 4378 979 4443; x_wconf 73' lang='lat'>133</span> <span class='ocrx_word' id='word_1_321' title='bbox 998 4380 1042 4432; x_wconf 88' lang='lat' dir='ltr'>IX</span> <span class='ocrx_word' id='word_1_322' title='bbox 1060 4379 1090 4443; x_wconf 77' lang='lat'>43</span> <span class='ocrx_word' id='word_1_323' title='bbox 1108 4380 1134 4432; x_wconf 87' lang='grc'>9.</span> 
     </span>
    </p>
   </div>
   <div class='ocr_carea' id='block_1_9' title="bbox 0 0 1648 5206">
    <p class='ocr_par' dir='ltr' id='par_1_11' title="bbox 0 0 1648 5206">
     <span class='ocr_line' id='line_1_39' title="bbox 0 0 1648 5206; baseline 0 0"><span class='ocrx_word' id='word_1_324' title='bbox 0 0 1648 5206; x_wconf 95' lang='lat' dir='ltr'> </span> 
     </span>
    </p>
   </div>
  </div>
 </body>
</html>
