3286 5206
694 472 872 530 ..25-

283 630 358 698 Iam
382 635 521 698 exstant
545 623 675 716 aliquot
697 630 773 711 loci,
798 630 922 716 quibus
947 655 979 695 τε
997 630 1122 697 vocula
1137 619 1249 716 neque
1266 649 1366 715 prae-

193 739 322 820 gressis
358 737 510 804 adnectit
544 737 725 822 sequentia
759 756 870 822 neque
905 735 1025 816 habet,
1062 737 1117 803 cui
1148 737 1365 822 respondeat.

193 841 327 910 Horum
343 843 566 911 locorumt
513 847 566 910 rat
567 844 682 910 ionem
699 847 758 928 opt
759 844 828 911 ime
845 843 1031 928 explicavit
1016 841 1226 910 tMaetzner
1240 847 1366 922 noster,

195 970 274 1016 cum
300 949 686 1036 circumcurre..)
691 976 723 1014 τε
746 948 952 1035 particulam
975 950 1149 1017 interdum
1173 949 1217 1016 ab
1240 949 1366 1017 Att'ttrcis

194 1058 243 1124 ita
194 1055 401 1124 rtadhibit
387 1063 458 1123 tam
484 1077 574 1136 1111,
598 1061 638 1122 ut
662 1061 855 1124 structurae
878 1054 1019 1124 inchoat
1005 1063 1060 1124 tae
1083 1057 1120 1124 in
1144 1062 1288 1142 sequent
1274 1056 1366 1124 tibus

193 1184 265 1230 non
288 1163 439 1249 amplius
463 1161 648 1230 haberetur
670 1165 767 1243 ratio,
791 1164 975 1230 immutata
990 1162 1175 1231 verborum
1192 1168 1366 1230 construc-

193 1271 286 1336 tione
307 1269 363 1335 vel
388 1270 583 1354 suppressis
606 1269 659 1350 iis,
685 1271 830 1355 quaein
855 1269 970 1337 animo
994 1268 1139 1337 haberet
1154 1270 1365 1355 scriptorpr.

194 1374 366 1462 Exempla
393 1396 473 1443 vero
496 1374 584 1443 haee
608 1381 703 1444 sunt:
731 1378 772 1443 II
787 1378 812 1459 β
827 1376 868 1443 12
892 1378 944 1463 ἐμὲ
967 1378 1002 1441 δὲ
1017 1375 1051 1440 ἔκ
1066 1401 1101 1442 τε
1117 1383 1175 1441 τῶν
1191 1401 1366 1464 προειργασ-

190 1484 289 1569 μένιον
314 1483 468 1566 γνώσεσθε
491 1483 559 1547 οὔτε
582 1485 811 1566 ἐπιβουλεύοντα
828 1485 894 1559 κτλ,
918 1482 978 1549 ubi
993 1481 1151 1550 Blassius
1167 1483 1292 1549 iniuria
1309 1503 1367 1550 ex-

195 1589 446 1671 stinguendum
469 1615 501 1654 τε
523 1589 674 1674 putavit;
697 1588 827 1670 ignatii
851 1595 966 1657 autem
989 1590 1237 1676 interpretatio,
1262 1589 1320 1675 qui
1335 1588 1370 1654 ἔκ

195 1720 231 1760 τε
258 1703 315 1761 τῶν
339 1721 387 1784 πρ.
413 1722 453 1780 ru.
477 1695 545 1761 οὔτε
569 1697 799 1779 ἐπιβουλεύοντα
822 1699 879 1762 κτλ.
903 1701 937 1763 11
959 1699 1010 1786 τήν
1034 1722 1070 1762 τε
1090 1696 1190 1762 οὐσίαν
1207 1696 1368 1763 1111111111·

195 1823 231 1870 se
260 1804 469 1888 respondere
498 1803 688 1881 existimat,
716 1803 799 1870 item
823 1824 894 1871 non
918 1803 1123 1888 probabitur
1146 1802 1368 1889 amplectenti

196 1929 282 1994 quae
306 1930 339 1994 p.
357 1909 401 1976 24
418 1911 459 1976 de
475 1907 632 1977 hocloco
649 1907 843 1994 explanavi.
888 1911 937 1976 IV
952 1912 976 1993 β
990 1908 1011 1976 6
1028 1911 1126 1977 codd.
1145 1909 1369 1995 suppeditant

196 2017 398 2101 ἀπολυόμενος
419 2018 454 2081 δὲ
476 2016 532 2082 ὑπό
556 2041 587 2080 τε
610 2021 662 2080 τοῦ
679 2016 826 2103 ἄρξοντος
839 2022 891 2105 τῆς
904 2019 1023 2105 πληγῆς,
1048 2015 1108 2083 ubi
1123 2014 1288 2083 Reiskius
1306 2016 1368 2084 ed-

196 2121 284 2187 didit
306 2127 386 2207 post
409 2124 465 2188 ὑπό
488 2147 520 2188 τε
543 2128 594 2187 τοῦ
619 2125 725 2209 (νόμου
748 2125 804 2188 ὑπό
828 2148 861 2188 τε
883 2128 961 2205 τοῦ),
979 2142 1066 2209 quae
1082 2142 1222 2190 sensum
1237 2123 1368 2190 iustum

195 2226 365 2312 praebent
386 2226 448 2294 1111
464 2229 613 2313 quidem,
637 2229 699 2295 sed
713 2249 799 2295 num
814 2233 905 2296 recte
922 2247 965 2295 ex
981 2227 1210 2314 Antiphontis
1226 2229 1367 2314 ingenio

195 2334 267 2400 sint
297 2335 443 2413 inserta,
474 2333 572 2400 haud
605 2334 874 2401 diiudicaverim.
934 2334 1000 2403 (13
1034 2335 1180 2421 denique
1209 2340 1368 2402 exaratur

196 2438 231 2504 εἰ
254 2464 290 2504 τε
315 2442 373 2528 γὰρ
396 2444 445 2504 (1
432 2443 637 2518 ,πατάξοςκτλ
639 2439 753 2521 eui
768 2440 843 2507 Ant
828 2439 979 2528 tiphont
970 2462 1002 2509 11
1016 2441 1212 2526 neglegent
1204 2461 1274 2509 ram
1289 2462 1368 2527 per·
1441 2432 1474 2538 J

197 2547 362 2631 sperarit,
397 2546 595 2632 repudiabit
626 2546 755 2630 Ignatii
789 2548 1020 2614 coniecturam
1055 2546 1126 2614 εἴ
1118 2573 1182 2636 περ
1219 2551 1277 2636 γὰρ
1311 2551 1368 2614 κτλ.

196 2650 317 2737 Neque
338 2652 431 2720 enim
447 2654 484 2719 id
502 2658 555 2721 est
571 2653 797 2721 recentiorum
813 2674 951 2734 munus,
968 2658 1008 2720 ut
1023 2654 1129 2740 siquis
1145 2652 1240 2721 locus
1257 2653 1367 2739 primo

197 2757 321 2824 obtutu
343 2780 413 2826 non
438 2765 517 2845 apte
542 2758 772 2828 conformatus
797 2780 872 2827 1111
894 2761 1041 2840 videtur,
1064 2761 1101 2828 in
1125 2761 1367 2828 concinnitatis

195 2863 342 2931 formam
369 2867 521 2949 redigere
549 2866 726 2946 studeant,
754 2867 816 2934 sed
839 2872 878 2933 111
900 2868 1089 2953 inquirant,
1117 2887 1203 2933 num
1227 2867 1367 2935 omnino

197 2970 362 3056 explicari
386 2973 503 3057 possit.
551 2971 640 3039 Tum
664 2993 755 3054 vero,
784 2995 862 3041 cum
885 2995 963 3040 eum
988 2975 1082 3041 omni
1096 2974 1186 3056 iusto
1202 2974 1369 3060 interpre-
1422 3032 1424 3036 .

196 3078 337 3154 tationis
365 3078 518 3146 subsidio
546 3099 740 3164 repugnare
769 3081 943 3166 apparuit,
972 3101 1094 3166 aspera
1120 3080 1283 3148 medendi
1309 3081 1368 3148 ria
1420 3109 1430 3122 .

198 3189 250 3250 ast
276 3185 518 3266 ingredienda,
546 3185 583 3252 in
611 3207 680 3271 qua
706 3193 825 3261 tamen
851 3204 895 3254 ne
919 3186 1057 3272 sriptori
1080 3187 1159 3273 plus
1182 3207 1368 3256 noceamus

198 3311 301 3376 quam
328 3293 500 3376 prosimus
524 3314 660 3378 semper
682 3293 784 3364 nobis
809 3295 1001 3362 cavendum
1026 3300 1084 3362 est.

286 3432 388 3500 Unus
411 3439 519 3502 restat
541 3435 646 3515 locus,
671 3456 736 3521 quo
760 3457 804 3503 ne
827 3437 902 3522 ipse
926 3437 1064 3522 quidem
1088 3437 1244 3506 codicum
1260 3436 1368 3521 scrip-

197 3547 311 3624 turam
338 3542 525 3624 genuinam
554 3563 628 3610 esse
656 3543 871 3624 crediderim,
898 3546 938 3610 II
963 3543 1029 3627 2‘3:
1060 3545 1141 3608 οἵτε
1164 3545 1253 3633 ἧσσον
1276 3544 1367 3608 κινδυ-

198 3650 331 3725 νεύοντες
355 3655 414 3713 τῶν
433 3652 545 3735 μᾶλλον
568 3653 599 3714 ἐν
621 3651 713 3736 φόβῳ
737 3650 829 3714 ὄντων
852 3653 906 3716 οὐκ
929 3651 986 3714 οἶδ’
1010 3653 1091 3726 ὅπως
1112 3651 1148 3714 ἄν
1167 3652 1280 3738 μᾶλλον
1303 3652 1367 3715 ἐπε-

198 3757 364 3839 βούλευσαν
387 3759 477 3844 αὐτῷ.
516 3754 679 3824 Schaefer
699 3756 719 3824 l.
738 3757 758 3823 l.
777 3777 809 3842 p.
831 3756 871 3823 12
888 3761 915 3822 οἱ
932 3759 970 3822 δὲ
985 3757 1165 3842 proposuit
1179 3755 1368 3839 legendum

198 3861 256 3929 ille
284 3863 437 3948 quidem,
466 3864 527 3930 sed
556 3884 659 3930 causa
687 3884 791 3949 quam
819 3861 918 3931 affert
945 3865 990 3932 ad
1014 3865 1245 3932 coniecturam
1268 3884 1368 3930 suam

199 3967 443 4036 stabiliendam
470 3968 557 4036 mihi
584 3987 656 4037 non
684 3972 767 4037 satis
792 3971 916 4060 idonea
939 3972 1083 4038 videtur.
1131 3969 1251 4056 Neque
1275 3970 1367 4037 enim

199 4076 386 4162 quidquam
409 4075 491 4144 facit
514 4077 559 4144 ad
582 4098 666 4158 rem,
690 4079 782 4163 quod
805 4079 977 4162 inpriore
994 4077 1208 4144 oratiuncula
1232 4077 1280 4162 (ll
1295 4077 1365 4164 115)

200 4202 339 4266 compar
367 4189 609 4266 argumentum
637 4186 672 4248 δὲ
695 4183 865 4269 particula
887 4183 1068 4251 inducitur.
1116 4184 1226 4252 Immo
1250 4185 1367 4252 111111

271 4379 292 4446 ¹)
313 4378 348 4430 cf.
369 4380 457 4432 etiam
476 4379 626 4445 Kuehner,
644 4381 694 4432 1.1.
714 4396 743 4447 p.
757 4378 807 4433 789
827 4381 916 4433 Anm.
929 4379 954 4433 4.
