3286 5206
657 488 837 546 „13-

158 668 281 733 prosae
306 649 471 714 orationis
495 651 649 713 auctores
673 647 819 713 transiit.
873 645 1070 714 Classenius
1096 645 1136 714 V.
1161 646 1203 714 D.
1227 650 1266 714 in
1290 670 1329 715 eo

158 751 259 832 libro,
284 775 385 840 quem
409 773 515 840 supro
537 752 691 833 laudavi,
714 773 747 838 p.
766 752 832 820 200
854 752 947 820 hene
970 751 1121 837 figuram
1144 753 1200 821 his
1216 754 1329 822 verbis

159 859 325 946 explicam
360 859 450 939 „Dor
481 859 675 928 netiirliehe
703 860 892 928 Ausdruek
925 859 1012 944 iolgt
1044 863 1103 927 der
1132 859 1330 929 sinnliohen

158 966 461 1052 Wehrnehmung‚
484 967 751 1034 unbekiimmert
774 988 834 1032 um
858 968 920 1033 das
938 965 1063 1033 Gesetu
1086 968 1145 1033 des
1159 965 1329 1035 Werdens

159 1075 231 1140 und
256 1074 315 1140 der
339 1071 522 1140 ueitliehen
545 1071 687 1155 notger.
724 1070 821 1139 Idem
840 1071 983 1140 Homeri
1007 1074 1193 1141 tritissimis
1216 1095 1330 1141 exem-

158 1181 226 1266 plis
255 1179 370 1248 allatis
401 1182 447 1266 (p.
473 1179 673 1263 200-203)
704 1180 808 1270 etiam
837 1179 1078 1264 Thucydidem
1105 1179 1200 1248 hune
1227 1201 1330 1248 usum

159 1289 339 1355 adamasse
369 1288 589 1355 demonstret.
637 1286 892 1374 Antiphontem
915 1308 995 1355 uero
1024 1288 1150 1354 iisdem
1173 1287 1329 1372 uestigiis

160 1393 379 1478 arohegetam
401 1391 500 1460 illum
523 1393 620 1460 haud
637 1414 712 1461 raro
730 1389 886 1460 secutum
903 1414 977 1460 esse
993 1392 1049 1459 his
1066 1393 1232 1480 exemplis
1250 1416 1331 1461 oon-

159 1499 327 1568 firmatur:
362 1500 459 1580 173
488 1502 660 1584 ἀπελογεῖτο
689 1503 735 1564 καὶ
763 1501 942 1565 ἀντέσπευόε
970 1504 1045 1587 πρὸς
1070 1502 1136 1587 ἐμέ,
1160 1502 1188 1567 V
1216 1500 1331 1581 52,3-4

160 1607 285 1673 ...εἴτι
308 1607 418 1697 συνῄδη
442 1610 562 1695 ἐμαυτῷ
586 1609 632 1670 καὶ
648 1605 679 1670 εἴ
689 1607 716 1670 τί
725 1631 777 1691 μοι
793 1611 924 1671 τοιοῦτον
940 1605 1094 1693 εἴργαστο,
1117 1605 1178 1672 ubi
1193 1607 1329 1687 rectius,

159 1720 197 1780 ut
219 1734 298 1780 mea
322 1715 461 1800 quidem
484 1712 548 1780 fert
571 1713 752 1792 sententia,
776 1713 934 1779 dixisset:
959 1711 990 1777 εἴ
1007 1713 1035 1776 τί
1051 1737 1161 1798 μοι...
1187 1712 1330 1801 εἴργαστο

160 1823 206 1884 καὶ
229 1820 260 1885 εἴ
277 1846 303 1885 τι
325 1819 451 1909 συνῄδη,
479 1819 546 1886 uisi
571 1819 662 1905 quod
686 1817 774 1885 alius
798 1817 943 1884 fortasse
966 1816 1053 1885 haee
1077 1819 1257 1886 enuntiata
1280 1819 1331 1886 el-

159 1931 270 1993 terum
295 1925 392 1993 alteri
416 1925 653 1993 subiunxisset
676 1923 761 2009 ἔγωγ’
788 1927 825 1990 ἂν
840 1925 872 1990 εἴ
889 1926 917 1989 τί
925 1950 978 2012 μοι
994 1931 1124 1990 τοιοῦτον
1145 1929 1331 2014 εἰργασμένῳ

160 2033 280 2123 συνῄδη.
332 2036 380 2101 Vl
409 2034 483 2114 24‚1
513 2037 560 2098 καὶ
588 2039 680 2098 ταῦτα
708 2035 780 2118 ἐμοῦ
808 2033 1049 2120 προκαλουμένου
1077 2036 1124 2097 καὶ
1146 2034 1283 2116 λέγοντος
1291 2036 1330 2117 1);

160 2128 291 2220 een-33
316 2139 407 2220 35,9;
431 2139 506 2220 41‚1
534 2139 588 2222 (f.
607 2138 823 2207 simillimum
839 2139 875 2206 in
890 2138 999 2222 46,4);
1024 2138 1099 2219 tul
1126 2141 1271 2228 παρόντες
1285 2145 1332 2206 καὶ

160 2247 415 2337 ἐπιδημοῦντες)
438 2246 564 2327 teu-7.
605 2245 647 2313 In
670 2245 737 2314 hoe
759 2267 885 2330 genere
909 2266 980 2327 non
1005 2245 1125 2328 dubito
1144 2267 1275 2332 ponere
1291 2251 1331 2314 II

160 2380 180 2418 α
202 2353 258 2433 4,3
282 2355 398 2443 ἑτοιμην
421 2357 468 2418 καὶ
491 2355 739 2442 κατειργασμένην
762 2355 813 2441 την
835 2354 992 2440 ὠφέλειαν.

249 2459 361 2527 Venio
397 2461 441 2526 ad
475 2481 580 2527 usum
611 2461 875 2546 parateotieum,
912 2461 1054 2546 dequo
1087 2481 1198 2546 peuoe
1226 2463 1331 2534 etiam

160 2565 390 2653 Bellingiusss)
415 2573 448 2633 et
468 2565 776 2651 Brinkmennius4)
802 2568 1043 2634 disseruerunt.
1081 2565 1264 2654 Proprium
1280 2573 1332 2634 est

161 2675 254 2740 enim
270 2672 513 2760 Antiphontis,
539 2674 665 2760 quippe
689 2675 864 2760 sequentis
887 2672 985 2740 illam
1009 2672 1242 2759 antiquiorum
1257 2675 1331 2748 λέξιν

161 2781 314 2870 εἰρομένην
338 2801 425 2867 quae
441 2785 594 2860 uocatur,
619 2782 687 2847 duo
709 2781 889 2846 enuntiata
906 2782 979 2847 sive
994 2777 1160 2860 membre,
1185 2801 1272 2867 quoe
1289 2801 1332 2866 ex

160 2894 253 2954 reete
266 2888 442 2969 cogitandi
454 2889 585 2954 ratione
599 2885 747 2954 alterum
760 2886 858 2953 alteri
871 2886 1136 2972 subiungantur,
1149 2890 1196 2950 καὶ
1208 2885 1331 2953 vocula

160 2993 235 3080 pari
257 2992 332 3061 loeo
355 3015 491 3082 ponere.
532 2993 586 3061 Ao
600 2996 752 3081 primum
767 2993 1013 3080 perlustremus
1031 3015 1110 3061 eum
1125 3014 1238 3074 usum,
1263 3015 1330 3080 quo

159 3100 331 3172 membra.
357 3099 487 3168 causali
509 3102 612 3168 modo
637 3098 843 3187 copulanda,
868 3099 1069 3187 simpliciter
1092 3104 1139 3164 καὶ
1161 3099 1332 3186 particula

161 3208 424 3290 coniunguntur.
464 3205 636 3293 Exemplo
652 3227 672 3272 a
687 3205 940 3273 Brinkmannio
959 3211 1005 3293 (p.
1021 3205 1078 3290 62)
1101 3206 1225 3274 collate
1245 3206 1332 3275 haee

161 3319 257 3381 suni:
287 3316 315 3381 V
331 3314 384 3394 5‚3
408 3319 582 3404 συγγνώμην
606 3314 683 3405 ἔχειν
703 3340 755 3400 μοι
777 3317 824 3378 καὶ
839 3315 980 3403 ἡγεῖσθαι
997 3317 1118 3404 ἀπειρίᾳ
1133 3317 1206 3380 αὐτὸ
1219 3318 1332 3401 μᾶλλον

160 3421 179 3510 ἢ
195 3423 294 3511 ἀδικίᾳ
309 3423 501 3511 ἡμαρτῆσθαι
508 3423 548 3506 5);
566 3419 599 3486 V
614 3421 703 3500 12,4;
716 3419 749 3486 V
762 3420 892 3501 38,7-8;
909 3419 1039 3500 70,3-4;
1057 3421 1187 3502 72‚45;
1204 3421 1328 3502 76,3-4.

160 3529 208 3594 VI
233 3527 361 3608 11,1·2;
386 3528 516 3609 25,1-3;
541 3525 657 3609 26,34
680 3531 747 3617 ἐξῆν
770 3532 870 3606 αὐτοῖς
891 3529 1093 3593 πυνθάνεσθαι
1120 3532 1167 3593 καὶ
1187 3531 1335 3616 πρόφασις

160 3635 373 3646 1——

233 3689 254 3756 1)
275 3690 369 3744 carol.
388 3691 515 3742 Mueller
537 3691 600 3745 hoe¹
617 3691 704 3742 modo
724 3691 826 3743 vertit:
855 3691 951 3755 „Haeo
971 3689 1124 3742 dictitante
1144 3695 1173 3742 et
1192 3691 1332 3743 offerente

161 3794 208 3830 me
227 3794 326 3830 coram
344 3780 524 3843 iudicibus“;
542 3784 696 3846 praetereo
709 3780 753 3832 Vl
767 3779 825 3844 23,1
845 3783 963 3832 exstent
975 3781 1052 3831 iusto
1067 3780 1183 3832 ordine:
1203 3781 1245 3832 καὶ
1259 3779 1332 3832 εἶπόν

161 3886 192 3919 τε
210 3871 357 3920 ταῦτα...
376 3870 418 3921 καὶ
437 3870 653 3939 προυκαλούμην.

232 3955 255 4023 ²)
276 3957 432 4023 Similiter,
453 3958 506 4010 sed
525 3959 602 4010 iusto
622 3958 726 4010 ordine
745 3959 827 4012 Dem.
849 3957 884 4010 de
904 3974 961 4010 cor.
983 3957 1032 4009 239
1120 3955 1176 4010 τότ’
1197 3960 1233 4010 ὢν
1253 3960 1280 4009 ἐν
1298 3963 1332 4030 τῇ

163 4045 238 4097 πόλει
257 4045 299 4097 καὶ
319 4047 420 4115 παρών.
1326 4098 1328 4102 ,

233 4132 254 4199 3)
275 4135 403 4199 Belling,
423 4134 458 4187 de
478 4135 668 4202 periodorum
689 4135 757 4187 Ant.
778 4136 952 4203 symmetria
970 4137 1063 4188 Bresl.
1085 4136 1162 4201 1868,
1180 4152 1208 4203 p.
1223 4138 1264 4188 26.

234 4221 255 4289 4)
275 4223 473 4289 Brinkmann,
493 4224 529 4276 de
549 4225 618 4277 Ant.
639 4241 679 4276 or.
699 4224 735 4279 de
756 4225 834 4277 chor.
854 4224 934 4290 Lips.
955 4224 998 4290 88,
1017 4241 1044 4291 p.
1059 4225 1100 4276 62.
1171 4222 1192 4285 ¹,

234 4309 255 4378 ὁ)
276 4311 429 4365 Sententia
448 4313 625 4366 secundaria
645 4313 733 4366 etiem
752 4314 784 4364 in
804 4315 895 4366 altero
914 4313 1048 4365 membro
1066 4313 1138 4379 poni
1157 4315 1243 4376 solet3
1262 4313 1332 4365 item

162 4400 206 4454 VI
224 4398 280 4464 523
298 4397 403 4466 48,6·7;
422 4401 526 4466 26‚4-5;
544 4401 643 4468 ene-4.
