<?xml version="1.0" encoding="UTF-8"?>
<!DOCTYPE html PUBLIC "-//W3C//DTD XHTML 1.0 Transitional//EN"
    "http://www.w3.org/TR/xhtml1/DTD/xhtml1-transitional.dtd">
<html xmlns="http://www.w3.org/1999/xhtml" xml:lang="en" lang="en">
 <head>
  <title>
</title>
<meta http-equiv="Content-Type" content="text/html;charset=utf-8" />
  <meta name='ocr-system' content='tesseract 3.04.00' />
  <meta name='ocr-capabilities' content='ocr_page ocr_carea ocr_par ocr_line ocrx_word'/>
</head>
<body>
  <div class='ocr_page' id='page_1' title='image "./deantiphontisin00rosegoog_0034.png"; bbox 0 0 3286 5206; ppageno 0'>
   <div class='ocr_carea' id='block_1_1' title="bbox 689 491 907 551">
    <p class='ocr_par' dir='ltr' id='par_1_1' title="bbox 689 491 907 551">
     <span class='ocr_line' id='line_1_1' title="bbox 689 491 907 551; baseline 0.005 -1"><span class='ocrx_word' id='word_1_1' title='bbox 689 491 907 551; x_wconf 81' lang='lat' dir='ltr'><strong>-ae-·</strong></span> 
     </span>
    </p>
   </div>
   <div class='ocr_carea' id='block_1_2' title="bbox 186 647 1362 2554">
    <p class='ocr_par' dir='ltr' id='par_1_2' title="bbox 186 647 1362 2554">
     <span class='ocr_line' id='line_1_2' title="bbox 186 647 1361 738; baseline 0.001 -21"><span class='ocrx_word' id='word_1_2' title='bbox 186 648 301 734; x_wconf 86' lang='lat' dir='ltr'><strong>legem</strong></span> <span class='ocrx_word' id='word_1_3' title='bbox 324 650 486 718; x_wconf 90' lang='lat' dir='ltr'><strong>omnibus</strong></span> <span class='ocrx_word' id='word_1_4' title='bbox 510 650 721 738; x_wconf 77' lang='lat' dir='ltr'>temporibus</span> <span class='ocrx_word' id='word_1_5' title='bbox 745 669 964 718; x_wconf 91' lang='lat' dir='ltr'><strong>communem</strong></span> <span class='ocrx_word' id='word_1_6' title='bbox 982 650 1086 718; x_wconf 88' lang='lat' dir='ltr'><strong>etiam</strong></span> <span class='ocrx_word' id='word_1_7' title='bbox 1102 647 1361 737; x_wconf 87' lang='lat' dir='ltr'><strong>Antiphontem</strong></span> 
     </span>
     <span class='ocr_line' id='line_1_3' title="bbox 188 756 1358 843; baseline -0.001 -19"><span class='ocrx_word' id='word_1_8' title='bbox 188 757 285 842; x_wconf 91' lang='lat' dir='ltr'><strong>sequi</strong></span> <span class='ocrx_word' id='word_1_9' title='bbox 312 777 373 842; x_wconf 91' lang='lat' dir='ltr'><strong>per</strong></span> <span class='ocrx_word' id='word_1_10' title='bbox 400 777 437 824; x_wconf 91' lang='lat' dir='ltr'><strong>se</strong></span> <span class='ocrx_word' id='word_1_11' title='bbox 464 763 567 843; x_wconf 91' lang='lat' dir='ltr'><strong>patet.</strong></span> <span class='ocrx_word' id='word_1_12' title='bbox 616 756 784 825; x_wconf 76' lang='lat' dir='ltr'><strong>Attamen</strong></span> <span class='ocrx_word' id='word_1_13' title='bbox 812 757 926 824; x_wconf 89' lang='lat' dir='ltr'><strong>studio</strong></span> <span class='ocrx_word' id='word_1_14' title='bbox 957 757 1108 843; x_wconf 88' lang='lat' dir='ltr'><strong>quodam</strong></span> <span class='ocrx_word' id='word_1_15' title='bbox 1131 762 1262 835; x_wconf 82' lang='lat' dir='ltr'><strong>noster,</strong></span> <span class='ocrx_word' id='word_1_16' title='bbox 1292 776 1358 841; x_wconf 93' lang='lat' dir='ltr'><strong>quo</strong></span> 
     </span>
     <span class='ocr_line' id='line_1_4' title="bbox 186 863 1359 947; baseline 0 -17"><span class='ocrx_word' id='word_1_17' title='bbox 186 865 352 931; x_wconf 88' lang='lat' dir='ltr'><strong>maiorem</strong></span> <span class='ocrx_word' id='word_1_18' title='bbox 380 864 587 947; x_wconf 86' lang='lat' dir='ltr'><strong>dignitatem</strong></span> <span class='ocrx_word' id='word_1_19' title='bbox 615 863 740 932; x_wconf 87' lang='lat' dir='ltr'><strong>inferat</strong></span> <span class='ocrx_word' id='word_1_20' title='bbox 768 865 929 943; x_wconf 81' lang='lat' dir='ltr'><strong>orationi,</strong></span> <span class='ocrx_word' id='word_1_21' title='bbox 958 866 1091 928; x_wconf 76' lang='grc' dir='ltr'><em>τε-’καὶ</em></span> <span class='ocrx_word' id='word_1_22' title='bbox 1118 863 1359 930; x_wconf 92' lang='lat' dir='ltr'><strong>coniunctione</strong></span> 
     </span>
     <span class='ocr_line' id='line_1_5' title="bbox 187 969 1359 1057; baseline 0.002 -21"><span class='ocrx_word' id='word_1_23' title='bbox 187 971 344 1039; x_wconf 92' lang='lat' dir='ltr'><strong>notiones</strong></span> <span class='ocrx_word' id='word_1_24' title='bbox 369 972 455 1038; x_wconf 89' lang='lat' dir='ltr'><strong>duas</strong></span> <span class='ocrx_word' id='word_1_25' title='bbox 481 971 675 1041; x_wconf 90' lang='lat' dir='ltr'><strong>consociare</strong></span> <span class='ocrx_word' id='word_1_26' title='bbox 692 969 789 1050; x_wconf 83' lang='lat' dir='ltr'><strong>solet,</strong></span> <span class='ocrx_word' id='word_1_27' title='bbox 814 990 960 1057; x_wconf 89' lang='lat' dir='ltr'><strong>quarum</strong></span> <span class='ocrx_word' id='word_1_28' title='bbox 977 969 1162 1036; x_wconf 73' lang='lat' dir='ltr'><strong>alterautra</strong></span> <span class='ocrx_word' id='word_1_29' title='bbox 1178 969 1221 1035; x_wconf 89' lang='lat' dir='ltr'><strong>ad</strong></span> <span class='ocrx_word' id='word_1_30' title='bbox 1238 973 1359 1053; x_wconf 89' lang='lat' dir='ltr'><strong>aptum</strong></span> 
     </span>
     <span class='ocr_line' id='line_1_6' title="bbox 188 1074 1360 1166; baseline -0.003 -23"><span class='ocrx_word' id='word_1_31' title='bbox 188 1097 329 1144; x_wconf 91' lang='lat' dir='ltr'><strong>sensum</strong></span> <span class='ocrx_word' id='word_1_32' title='bbox 356 1075 461 1163; x_wconf 90' lang='lat' dir='ltr'><strong>plane</strong></span> <span class='ocrx_word' id='word_1_33' title='bbox 490 1075 690 1145; x_wconf 83' lang='lat' dir='ltr'><strong>suffecisset.</strong></span> <span class='ocrx_word' id='word_1_34' title='bbox 739 1074 845 1143; x_wconf 91' lang='lat' dir='ltr'><strong>Velut</strong></span> <span class='ocrx_word' id='word_1_35' title='bbox 872 1078 891 1143; x_wconf 97' lang='lat' dir='ltr'>I</span> <span class='ocrx_word' id='word_1_36' title='bbox 919 1076 963 1145; x_wconf 90' lang='grc'><strong>20</strong></span> <span class='ocrx_word' id='word_1_37' title='bbox 989 1080 1008 1166; x_wconf 81' lang='grc' dir='ltr'><em>η</em></span> <span class='ocrx_word' id='word_1_38' title='bbox 1037 1078 1065 1141; x_wconf 79' lang='grc' dir='ltr'><strong>δ’</strong></span> <span class='ocrx_word' id='word_1_39' title='bbox 1096 1077 1172 1141; x_wconf 77' lang='grc' dir='ltr'><em>αἰτία</em></span> <span class='ocrx_word' id='word_1_40' title='bbox 1200 1079 1360 1140; x_wconf 81' lang='grc' dir='ltr'><em>τεκαὶ</em></span> 
     </span>
     <span class='ocr_line' id='line_1_7' title="bbox 187 1183 1359 1274; baseline -0.002 -26"><span class='ocrx_word' id='word_1_41' title='bbox 187 1185 392 1274; x_wconf 70' lang='grc' dir='ltr'><em>ἐνθαμηθεῖσα</em></span> <span class='ocrx_word' id='word_1_42' title='bbox 415 1185 501 1269; x_wconf 88' lang='lat' dir='ltr'><strong>(scil.</strong></span> <span class='ocrx_word' id='word_1_43' title='bbox 527 1190 579 1250; x_wconf 84' lang='grc' dir='ltr'><strong>τοῦ</strong></span> <span class='ocrx_word' id='word_1_44' title='bbox 603 1185 767 1267; x_wconf 53' lang='lat' dir='ltr'><strong>nuenton</strong></span> <span class='ocrx_word' id='word_1_45' title='bbox 791 1189 1006 1270; x_wconf 85' lang='lat' dir='ltr'><strong>postpauca</strong></span> <span class='ocrx_word' id='word_1_46' title='bbox 1029 1186 1111 1270; x_wconf 80' lang='grc' dir='ltr'><em>ὑμεῖς</em></span> <span class='ocrx_word' id='word_1_47' title='bbox 1126 1209 1158 1249; x_wconf 83' lang='grc' dir='ltr'><strong>τε</strong></span> <span class='ocrx_word' id='word_1_48' title='bbox 1173 1187 1220 1248; x_wconf 76' lang='grc' dir='ltr'><strong>καὶ</strong></span> <span class='ocrx_word' id='word_1_49' title='bbox 1236 1187 1263 1247; x_wconf 84' lang='grc' dir='ltr'><strong>οῖ</strong></span> <span class='ocrx_word' id='word_1_50' title='bbox 1279 1183 1359 1262; x_wconf 63' lang='grc' dir='ltr'><em>θεοῖς</em></span> 
     </span>
     <span class='ocr_line' id='line_1_8' title="bbox 186 1290 1362 1380; baseline -0.002 -24"><span class='ocrx_word' id='word_1_51' title='bbox 186 1311 299 1377; x_wconf 88' lang='lat' dir='ltr'><strong>neque</strong></span> <span class='ocrx_word' id='word_1_52' title='bbox 324 1292 422 1359; x_wconf 79' lang='lat' dir='ltr'><strong>aliter</strong></span> <span class='ocrx_word' id='word_1_53' title='bbox 445 1291 503 1371; x_wconf 82' lang='grc'><strong>23;</strong></span> <span class='ocrx_word' id='word_1_54' title='bbox 529 1291 586 1371; x_wconf 83' lang='grc'><strong>24;</strong></span> <span class='ocrx_word' id='word_1_55' title='bbox 611 1291 668 1369; x_wconf 79' lang='lat'><strong>25;</strong></span> <span class='ocrx_word' id='word_1_56' title='bbox 692 1290 749 1369; x_wconf 82' lang='grc'><strong>28;</strong></span> <span class='ocrx_word' id='word_1_57' title='bbox 773 1291 835 1358; x_wconf 82' lang='lat' dir='ltr'><strong>Vl</strong></span> <span class='ocrx_word' id='word_1_58' title='bbox 858 1295 893 1379; x_wconf 75' lang='grc' dir='ltr'><strong>τῇ</strong></span> <span class='ocrx_word' id='word_1_59' title='bbox 914 1316 946 1356; x_wconf 83' lang='grc' dir='ltr'><strong>τε</strong></span> <span class='ocrx_word' id='word_1_60' title='bbox 966 1293 1107 1380; x_wconf 80' lang='grc' dir='ltr'><em>συμφορᾷ</em></span> <span class='ocrx_word' id='word_1_61' title='bbox 1125 1294 1172 1355; x_wconf 78' lang='grc' dir='ltr'><strong>καὶ</strong></span> <span class='ocrx_word' id='word_1_62' title='bbox 1188 1294 1248 1368; x_wconf 81' lang='grc' dir='ltr'><em>τοῖς</em></span> <span class='ocrx_word' id='word_1_63' title='bbox 1261 1295 1362 1368; x_wconf 79' lang='grc' dir='ltr'><em>κακοῖς</em></span> 
     </span>
     <span class='ocr_line' id='line_1_9' title="bbox 188 1396 1358 1488; baseline 0 -26"><span class='ocrx_word' id='word_1_64' title='bbox 188 1403 249 1475; x_wconf 86' lang='grc' dir='ltr'><em>τοῖς</em></span> <span class='ocrx_word' id='word_1_65' title='bbox 276 1400 485 1488; x_wconf 65' lang='grc' dir='ltr'><em>γεγενημένοις.</em></span> <span class='ocrx_word' id='word_1_66' title='bbox 541 1396 621 1464; x_wconf 82' lang='lat' dir='ltr'><strong>Huc</strong></span> <span class='ocrx_word' id='word_1_67' title='bbox 648 1399 797 1484; x_wconf 78' lang='lat' dir='ltr'><strong>pertinet</strong></span> <span class='ocrx_word' id='word_1_68' title='bbox 827 1399 931 1464; x_wconf 83' lang='lat' dir='ltr'><strong>etiam</strong></span> <span class='ocrx_word' id='word_1_69' title='bbox 957 1396 998 1465; x_wconf 86' lang='grc'><strong>18</strong></span> <span class='ocrx_word' id='word_1_70' title='bbox 1027 1400 1110 1484; x_wconf 79' lang='grc' dir='ltr'><em>αὐτῷ</em></span> <span class='ocrx_word' id='word_1_71' title='bbox 1133 1423 1169 1462; x_wconf 85' lang='grc' dir='ltr'><strong>τε</strong></span> <span class='ocrx_word' id='word_1_72' title='bbox 1192 1400 1258 1484; x_wconf 77' lang='grc' dir='ltr'><em>ἐμοὶ</em></span> <span class='ocrx_word' id='word_1_73' title='bbox 1280 1422 1358 1486; x_wconf 84' lang='grc' dir='ltr'><em>περι-</em></span> 
     </span>
     <span class='ocr_line' id='line_1_10' title="bbox 188 1502 1360 1594; baseline 0.004 -26"><span class='ocrx_word' id='word_1_74' title='bbox 188 1506 299 1570; x_wconf 72' lang='grc' dir='ltr'><em>έθεσαν</em></span> <span class='ocrx_word' id='word_1_75' title='bbox 326 1509 383 1570; x_wconf 76' lang='grc' dir='ltr'><strong>καὶ</strong></span> <span class='ocrx_word' id='word_1_76' title='bbox 409 1511 470 1583; x_wconf 85' lang='grc' dir='ltr'><em>τοῖς</em></span> <span class='ocrx_word' id='word_1_77' title='bbox 490 1508 572 1592; x_wconf 85' lang='grc' dir='ltr'><em>ἐμοῖς</em></span> <span class='ocrx_word' id='word_1_78' title='bbox 593 1508 789 1594; x_wconf 70' lang='grc' dir='ltr'><em>προσήκουσι,</em></span> <span class='ocrx_word' id='word_1_79' title='bbox 820 1505 944 1592; x_wconf 83' lang='lat' dir='ltr'><strong>quibus</strong></span> <span class='ocrx_word' id='word_1_80' title='bbox 968 1502 1118 1572; x_wconf 82' lang='lat' dir='ltr'><strong>finitima</strong></span> <span class='ocrx_word' id='word_1_81' title='bbox 1141 1510 1223 1571; x_wconf 81' lang='lat' dir='ltr'><strong>sunt</strong></span> <span class='ocrx_word' id='word_1_82' title='bbox 1245 1506 1292 1571; x_wconf 83' lang='lat' dir='ltr'><strong>VI</strong></span> <span class='ocrx_word' id='word_1_83' title='bbox 1316 1503 1360 1573; x_wconf 88' lang='grc'><strong>38</strong></span> 
     </span>
     <span class='ocr_line' id='line_1_11' title="bbox 188 1609 1361 1701; baseline -0.001 -25"><span class='ocrx_word' id='word_1_84' title='bbox 188 1615 272 1699; x_wconf 77' lang='grc' dir='ltr'><em>αὐτῷ</em></span> <span class='ocrx_word' id='word_1_85' title='bbox 298 1637 334 1678; x_wconf 83' lang='grc' dir='ltr'><strong>τε</strong></span> <span class='ocrx_word' id='word_1_86' title='bbox 363 1615 427 1698; x_wconf 80' lang='grc' dir='ltr'><em>ἐμοὶ</em></span> <span class='ocrx_word' id='word_1_87' title='bbox 455 1615 511 1678; x_wconf 77' lang='grc' dir='ltr'><strong>καὶ</strong></span> <span class='ocrx_word' id='word_1_88' title='bbox 538 1617 598 1690; x_wconf 81' lang='grc' dir='ltr'><em>τοῖς</em></span> <span class='ocrx_word' id='word_1_89' title='bbox 622 1614 722 1700; x_wconf 82' lang='grc' dir='ltr'><em>φίλοις.</em></span> <span class='ocrx_word' id='word_1_90' title='bbox 773 1609 880 1678; x_wconf 87' lang='lat' dir='ltr'><strong>Porro</strong></span> <span class='ocrx_word' id='word_1_91' title='bbox 904 1613 932 1678; x_wconf 84' lang='lat' dir='ltr'>V</span> <span class='ocrx_word' id='word_1_92' title='bbox 954 1610 999 1680; x_wconf 86' lang='lat'><strong>80</strong></span> <span class='ocrx_word' id='word_1_93' title='bbox 1021 1612 1089 1698; x_wconf 79' lang='grc' dir='ltr'><em>ἐμοί</em></span> <span class='ocrx_word' id='word_1_94' title='bbox 1109 1637 1141 1676; x_wconf 86' lang='grc' dir='ltr'><strong>τε</strong></span> <span class='ocrx_word' id='word_1_95' title='bbox 1162 1612 1290 1701; x_wconf 70' lang='grc' dir='ltr'><em>βοηθεῖν</em></span> <span class='ocrx_word' id='word_1_96' title='bbox 1313 1614 1361 1676; x_wconf 76' lang='grc' dir='ltr'><strong>καὶ</strong></span> 
     </span>
     <span class='ocr_line' id='line_1_12' title="bbox 187 1716 1360 1806; baseline 0.002 -24"><span class='ocrx_word' id='word_1_97' title='bbox 187 1723 231 1805; x_wconf 79' lang='grc' dir='ltr'><strong>τῷ</strong></span> <span class='ocrx_word' id='word_1_98' title='bbox 254 1720 368 1805; x_wconf 77' lang='grc' dir='ltr'><em>δικαίῳ,</em></span> <span class='ocrx_word' id='word_1_99' title='bbox 393 1739 481 1804; x_wconf 87' lang='lat' dir='ltr'><strong>quae</strong></span> <span class='ocrx_word' id='word_1_100' title='bbox 504 1719 736 1806; x_wconf 87' lang='lat' dir='ltr'><strong>propinquam</strong></span> <span class='ocrx_word' id='word_1_101' title='bbox 759 1720 935 1806; x_wconf 88' lang='lat' dir='ltr'><strong>quandam</strong></span> <span class='ocrx_word' id='word_1_102' title='bbox 963 1720 1205 1802; x_wconf 82' lang='lat' dir='ltr'><strong>cognationem</strong></span> <span class='ocrx_word' id='word_1_103' title='bbox 1227 1716 1360 1785; x_wconf 88' lang='lat' dir='ltr'><strong>habent</strong></span> 
     </span>
     <span class='ocr_line' id='line_1_13' title="bbox 189 1823 1360 1910; baseline 0.003 -19"><span class='ocrx_word' id='word_1_104' title='bbox 189 1845 267 1891; x_wconf 91' lang='lat' dir='ltr'><strong>cum</strong></span> <span class='ocrx_word' id='word_1_105' title='bbox 294 1823 311 1890; x_wconf 95' lang='lat' dir='ltr'>I</span> <span class='ocrx_word' id='word_1_106' title='bbox 338 1825 383 1892; x_wconf 88' lang='grc'><strong>24</strong></span> <span class='ocrx_word' id='word_1_107' title='bbox 410 1831 445 1893; x_wconf 92' lang='lat' dir='ltr'><strong>et</strong></span> <span class='ocrx_word' id='word_1_108' title='bbox 471 1825 523 1893; x_wconf 88' lang='grc'><strong>25.</strong></span> <span class='ocrx_word' id='word_1_109' title='bbox 581 1824 658 1906; x_wconf 82' lang='lat' dir='ltr'><strong>Qua</strong></span> <span class='ocrx_word' id='word_1_110' title='bbox 691 1825 938 1893; x_wconf 91' lang='lat' dir='ltr'><strong>consuetudine</strong></span> <span class='ocrx_word' id='word_1_111' title='bbox 969 1845 1142 1910; x_wconf 88' lang='lat' dir='ltr'><strong>perpensa</strong></span> <span class='ocrx_word' id='word_1_112' title='bbox 1169 1825 1217 1892; x_wconf 85' lang='lat' dir='ltr'><strong>VI</strong></span> <span class='ocrx_word' id='word_1_113' title='bbox 1245 1825 1287 1894; x_wconf 82' lang='lat'><strong>23</strong></span> <span class='ocrx_word' id='word_1_114' title='bbox 1316 1844 1360 1895; x_wconf 83' lang='lat' dir='ltr'><strong>ex</strong></span> 
     </span>
     <span class='ocr_line' id='line_1_14' title="bbox 188 1931 1360 2032; baseline 0 -36"><span class='ocrx_word' id='word_1_115' title='bbox 188 1931 295 1997; x_wconf 88' lang='lat' dir='ltr'><strong>animi</strong></span> <span class='ocrx_word' id='word_1_116' title='bbox 317 1934 387 1999; x_wconf 89' lang='lat' dir='ltr'><strong>mei</strong></span> <span class='ocrx_word' id='word_1_117' title='bbox 410 1933 581 2000; x_wconf 89' lang='lat' dir='ltr'><strong>sententia</strong></span> <span class='ocrx_word' id='word_1_118' title='bbox 604 1932 793 2018; x_wconf 89' lang='lat' dir='ltr'><strong>amplector</strong></span> <span class='ocrx_word' id='word_1_119' title='bbox 809 1931 955 2019; x_wconf 83' lang='lat' dir='ltr'><strong>Sauppii</strong></span> <span class='ocrx_word' id='word_1_120' title='bbox 979 1933 1209 1999; x_wconf 87' lang='lat' dir='ltr'><strong>coniecturam</strong></span> <span class='ocrx_word' id='word_1_121' title='bbox 1230 1933 1263 2032; x_wconf 53' lang='grc' dir='ltr'><strong>οἳ</strong></span> <span class='ocrx_word' id='word_1_122' title='bbox 1275 1938 1360 2019; x_wconf 82' lang='grc' dir='ltr'><em>σφῶν</em></span> 
     </span>
     <span class='ocr_line' id='line_1_15' title="bbox 191 2037 1359 2123; baseline 0.002 -21"><span class='ocrx_word' id='word_1_123' title='bbox 191 2039 232 2121; x_wconf 59' lang='grc' dir='ltr'><strong>(τ)</strong></span> <span class='ocrx_word' id='word_1_124' title='bbox 256 2041 368 2123; x_wconf 81' lang='grc' dir='ltr'><em>αὐτῶν)</em></span> <span class='ocrx_word' id='word_1_125' title='bbox 397 2041 483 2105; x_wconf 76' lang='grc' dir='ltr'><em>ἕνεκα</em></span> <span class='ocrx_word' id='word_1_126' title='bbox 511 2043 645 2104; x_wconf 77' lang='grc' dir='ltr'><em>καὶτοῦ</em></span> <span class='ocrx_word' id='word_1_127' title='bbox 674 2041 796 2106; x_wconf 77' lang='grc' dir='ltr'><em>δικαίου.</em></span> <span class='ocrx_word' id='word_1_128' title='bbox 852 2037 939 2105; x_wconf 79' lang='lat' dir='ltr'><strong>Cum</strong></span> <span class='ocrx_word' id='word_1_129' title='bbox 970 2037 1037 2106; x_wconf 93' lang='lat' dir='ltr'><strong>hoc</strong></span> <span class='ocrx_word' id='word_1_130' title='bbox 1066 2058 1192 2122; x_wconf 85' lang='lat' dir='ltr'><strong>genere</strong></span> <span class='ocrx_word' id='word_1_131' title='bbox 1214 2039 1359 2106; x_wconf 86' lang='lat' dir='ltr'><strong>dicendi</strong></span> 
     </span>
     <span class='ocr_line' id='line_1_16' title="bbox 189 2144 1359 2232; baseline -0.002 -23"><span class='ocrx_word' id='word_1_132' title='bbox 189 2144 377 2213; x_wconf 76' lang='lat' dir='ltr'><strong>arctissime</strong></span> <span class='ocrx_word' id='word_1_133' title='bbox 406 2144 591 2214; x_wconf 79' lang='lat' dir='ltr'><strong>cohaerent</strong></span> <span class='ocrx_word' id='word_1_134' title='bbox 617 2147 656 2213; x_wconf 86' lang='lat' dir='ltr'><strong>in</strong></span> <span class='ocrx_word' id='word_1_135' title='bbox 679 2144 803 2213; x_wconf 79' lang='lat' dir='ltr'><strong>tetrall.</strong></span> <span class='ocrx_word' id='word_1_136' title='bbox 827 2147 888 2212; x_wconf 91' lang='lat' dir='ltr'><strong>III</strong></span> <span class='ocrx_word' id='word_1_137' title='bbox 912 2171 932 2210; x_wconf 91' lang='grc' dir='ltr'><em>α</em></span> <span class='ocrx_word' id='word_1_138' title='bbox 957 2145 974 2212; x_wconf 89' lang='lat' dir='ltr'>l</span> <span class='ocrx_word' id='word_1_139' title='bbox 1000 2147 1056 2210; x_wconf 75' lang='grc' dir='ltr'><strong>ὑπο</strong></span> <span class='ocrx_word' id='word_1_140' title='bbox 1079 2170 1117 2210; x_wconf 85' lang='grc' dir='ltr'><strong>τε</strong></span> <span class='ocrx_word' id='word_1_141' title='bbox 1139 2149 1192 2210; x_wconf 82' lang='grc' dir='ltr'><strong>τοῦ</strong></span> <span class='ocrx_word' id='word_1_142' title='bbox 1216 2146 1359 2232; x_wconf 78' lang='grc' dir='ltr'><em>νόμου...</em></span> 
     </span>
     <span class='ocr_line' id='line_1_17' title="bbox 189 2250 1360 2342; baseline 0.001 -26"><span class='ocrx_word' id='word_1_143' title='bbox 189 2252 244 2316; x_wconf 78' lang='grc' dir='ltr'><strong>ὑπό</strong></span> <span class='ocrx_word' id='word_1_144' title='bbox 272 2276 309 2317; x_wconf 84' lang='grc' dir='ltr'><strong>τε</strong></span> <span class='ocrx_word' id='word_1_145' title='bbox 336 2259 394 2316; x_wconf 83' lang='grc' dir='ltr'><strong>τῶν</strong></span> <span class='ocrx_word' id='word_1_146' title='bbox 417 2253 641 2342; x_wconf 57' lang='lat' dir='ltr'><strong>decantandum</strong></span> <span class='ocrx_word' id='word_1_147' title='bbox 670 2253 696 2335; x_wconf 76' lang='grc' dir='ltr'><em>β</em></span> <span class='ocrx_word' id='word_1_148' title='bbox 719 2250 760 2319; x_wconf 87' lang='grc'><strong>10</strong></span> <span class='ocrx_word' id='word_1_149' title='bbox 787 2253 843 2317; x_wconf 77' lang='grc' dir='ltr'><strong>ὑπό</strong></span> <span class='ocrx_word' id='word_1_150' title='bbox 871 2276 908 2316; x_wconf 82' lang='grc' dir='ltr'><strong>τε</strong></span> <span class='ocrx_word' id='word_1_151' title='bbox 930 2257 982 2340; x_wconf 71' lang='grc' dir='ltr'><strong>τῆς</strong></span> <span class='ocrx_word' id='word_1_152' title='bbox 1003 2251 1198 2341; x_wconf 71' lang='grc' dir='ltr'><em>ἀληθείας...</em></span> <span class='ocrx_word' id='word_1_153' title='bbox 1244 2253 1300 2317; x_wconf 77' lang='grc' dir='ltr'><strong>ὑπό</strong></span> <span class='ocrx_word' id='word_1_154' title='bbox 1322 2277 1360 2317; x_wconf 85' lang='grc' dir='ltr'><strong>τε</strong></span> 
     </span>
     <span class='ocr_line' id='line_1_18' title="bbox 190 2357 1359 2445; baseline 0.003 -24"><span class='ocrx_word' id='word_1_155' title='bbox 190 2363 240 2422; x_wconf 85' lang='grc' dir='ltr'><strong>τοῦ</strong></span> <span class='ocrx_word' id='word_1_156' title='bbox 264 2359 368 2444; x_wconf 61' lang='lat' dir='ltr'><strong>ninom</strong></span> <span class='ocrx_word' id='word_1_157' title='bbox 396 2360 445 2426; x_wconf 84' lang='lat' dir='ltr'><strong>IV</strong></span> <span class='ocrx_word' id='word_1_158' title='bbox 467 2361 492 2444; x_wconf 77' lang='grc' dir='ltr'><em>β</em></span> <span class='ocrx_word' id='word_1_159' title='bbox 518 2360 538 2427; x_wconf 89' lang='grc'>6</span> <span class='ocrx_word' id='word_1_160' title='bbox 567 2360 681 2445; x_wconf 88' lang='lat' dir='ltr'><strong>quoad</strong></span> <span class='ocrx_word' id='word_1_161' title='bbox 709 2357 892 2426; x_wconf 88' lang='lat' dir='ltr'><strong>Reiskium</strong></span> <span class='ocrx_word' id='word_1_162' title='bbox 921 2379 1105 2445; x_wconf 87' lang='lat' dir='ltr'><strong>sequamur</strong></span> <span class='ocrx_word' id='word_1_163' title='bbox 1132 2360 1359 2440; x_wconf 87' lang='lat' dir='ltr'><strong>conicientcm</strong></span> 
     </span>
     <span class='ocr_line' id='line_1_19' title="bbox 188 2462 1138 2554; baseline 0.003 -26"><span class='ocrx_word' id='word_1_164' title='bbox 188 2462 246 2528; x_wconf 78' lang='grc' dir='ltr'><strong>ὑπό</strong></span> <span class='ocrx_word' id='word_1_165' title='bbox 270 2489 307 2530; x_wconf 84' lang='grc' dir='ltr'><strong>τε</strong></span> <span class='ocrx_word' id='word_1_166' title='bbox 329 2471 381 2530; x_wconf 81' lang='grc' dir='ltr'><strong>τοῦ</strong></span> <span class='ocrx_word' id='word_1_167' title='bbox 406 2467 512 2552; x_wconf 76' lang='grc' dir='ltr'><em>(νόμου</em></span> <span class='ocrx_word' id='word_1_168' title='bbox 536 2465 593 2532; x_wconf 80' lang='grc' dir='ltr'><strong>ὑπό</strong></span> <span class='ocrx_word' id='word_1_169' title='bbox 616 2491 654 2531; x_wconf 84' lang='grc' dir='ltr'><strong>τε</strong></span> <span class='ocrx_word' id='word_1_170' title='bbox 677 2469 743 2548; x_wconf 84' lang='grc' dir='ltr'><em>τοῦ)</em></span> <span class='ocrx_word' id='word_1_171' title='bbox 769 2467 916 2554; x_wconf 77' lang='grc' dir='ltr'><em>ἄρξαντος</em></span> <span class='ocrx_word' id='word_1_172' title='bbox 938 2463 993 2550; x_wconf 88' lang='lat' dir='ltr'><strong>(cs.</strong></span> <span class='ocrx_word' id='word_1_173' title='bbox 1017 2485 1050 2550; x_wconf 90' lang='lat' dir='ltr'><strong>p.</strong></span> <span class='ocrx_word' id='word_1_174' title='bbox 1068 2464 1138 2550; x_wconf 83' lang='grc'><strong>25).</strong></span> 
     </span>
    </p>
   </div>
   <div class='ocr_carea' id='block_1_3' title="bbox 188 2586 1360 3100">
    <p class='ocr_par' dir='ltr' id='par_1_3' title="bbox 188 2586 1360 3100">
     <span class='ocr_line' id='line_1_20' title="bbox 277 2586 1359 2674; baseline 0.001 -20"><span class='ocrx_word' id='word_1_175' title='bbox 277 2587 393 2674; x_wconf 86' lang='lat' dir='ltr'><strong>Atque</strong></span> <span class='ocrx_word' id='word_1_176' title='bbox 418 2590 522 2657; x_wconf 89' lang='lat' dir='ltr'><strong>etiam</strong></span> <span class='ocrx_word' id='word_1_177' title='bbox 545 2590 582 2657; x_wconf 93' lang='lat' dir='ltr'><strong>in</strong></span> <span class='ocrx_word' id='word_1_178' title='bbox 598 2587 721 2656; x_wconf 90' lang='lat' dir='ltr'><strong>tetrall.</strong></span> <span class='ocrx_word' id='word_1_179' title='bbox 739 2590 928 2656; x_wconf 90' lang='lat' dir='ltr'><strong>illiusmodi</strong></span> <span class='ocrx_word' id='word_1_180' title='bbox 944 2586 1187 2657; x_wconf 84' lang='lat' dir='ltr'><strong>cumulationis</strong></span> <span class='ocrx_word' id='word_1_181' title='bbox 1202 2587 1359 2656; x_wconf 70' lang='lat' dir='ltr'><strong>luculen=</strong></span> 
     </span>
     <span class='ocr_line' id='line_1_21' title="bbox 188 2695 1360 2782; baseline 0.002 -22"><span class='ocrx_word' id='word_1_182' title='bbox 188 2695 360 2761; x_wconf 84' lang='lat' dir='ltr'><strong>tissimum</strong></span> <span class='ocrx_word' id='word_1_183' title='bbox 384 2701 497 2763; x_wconf 84' lang='lat' dir='ltr'><strong>exstat</strong></span> <span class='ocrx_word' id='word_1_184' title='bbox 521 2696 719 2782; x_wconf 85' lang='lat' dir='ltr'><strong>exemplum</strong></span> <span class='ocrx_word' id='word_1_185' title='bbox 741 2698 790 2764; x_wconf 84' lang='lat' dir='ltr'><strong>IV</strong></span> <span class='ocrx_word' id='word_1_186' title='bbox 808 2696 858 2779; x_wconf 70' lang='lat'><strong>71</strong></span> <span class='ocrx_word' id='word_1_187' title='bbox 885 2698 943 2771; x_wconf 77' lang='grc' dir='ltr'><strong>ζῶν</strong></span> <span class='ocrx_word' id='word_1_188' title='bbox 965 2721 998 2762; x_wconf 81' lang='grc' dir='ltr'><strong>ιε</strong></span> <span class='ocrx_word' id='word_1_189' title='bbox 1019 2698 1065 2760; x_wconf 79' lang='grc' dir='ltr'><strong>καὶ</strong></span> <span class='ocrx_word' id='word_1_190' title='bbox 1080 2697 1242 2779; x_wconf 52' lang='lat' dir='ltr'><strong>ditarem),</strong></span> <span class='ocrx_word' id='word_1_191' title='bbox 1267 2696 1360 2782; x_wconf 89' lang='lat' dir='ltr'><strong>quod</strong></span> 
     </span>
     <span class='ocr_line' id='line_1_22' title="bbox 188 2799 1359 2889; baseline 0.003 -23"><span class='ocrx_word' id='word_1_192' title='bbox 188 2802 464 2869; x_wconf 88' lang='lat' dir='ltr'><strong>additamentum</strong></span> <span class='ocrx_word' id='word_1_193' title='bbox 480 2804 635 2889; x_wconf 86' lang='lat' dir='ltr'><strong>proxime</strong></span> <span class='ocrx_word' id='word_1_194' title='bbox 652 2803 750 2871; x_wconf 90' lang='lat' dir='ltr'><strong>abest</strong></span> <span class='ocrx_word' id='word_1_195' title='bbox 765 2824 786 2870; x_wconf 90' lang='lat' dir='ltr'><strong>a</strong></span> <span class='ocrx_word' id='word_1_196' title='bbox 801 2804 1021 2886; x_wconf 82' lang='lat' dir='ltr'><strong>tragicorum,</strong></span> <span class='ocrx_word' id='word_1_197' title='bbox 1037 2802 1207 2888; x_wconf 87' lang='lat' dir='ltr'><strong>imprimis</strong></span> <span class='ocrx_word' id='word_1_198' title='bbox 1223 2799 1359 2887; x_wconf 84' lang='lat' dir='ltr'><strong>Sopho-</strong></span> 
     </span>
     <span class='ocr_line' id='line_1_23' title="bbox 188 2907 1359 3000; baseline 0.002 -27"><span class='ocrx_word' id='word_1_199' title='bbox 188 2907 264 2988; x_wconf 83' lang='lat' dir='ltr'><strong>clis,</strong></span> <span class='ocrx_word' id='word_1_200' title='bbox 288 2911 393 2997; x_wconf 80' lang='grc' dir='ltr'><em>παρὼν</em></span> <span class='ocrx_word' id='word_1_201' title='bbox 416 2912 468 2973; x_wconf 76' lang='grc' dir='ltr'><strong>ἰὼν</strong></span> <span class='ocrx_word' id='word_1_202' title='bbox 487 2913 589 2995; x_wconf 80' lang='grc' dir='ltr'><em>μολὼν</em></span> <span class='ocrx_word' id='word_1_203' title='bbox 612 2909 691 3000; x_wconf 74' lang='grc' dir='ltr'><em>ἔχων</em></span> <span class='ocrx_word' id='word_1_204' title='bbox 713 2911 830 2994; x_wconf 73' lang='grc' dir='ltr'><em>λαβὼν,</em></span> <span class='ocrx_word' id='word_1_205' title='bbox 859 2910 897 2975; x_wconf 91' lang='lat' dir='ltr'><strong>in</strong></span> <span class='ocrx_word' id='word_1_206' title='bbox 924 2909 1047 2995; x_wconf 81' lang='lat' dir='ltr'><strong>quibus</strong></span> <span class='ocrx_word' id='word_1_207' title='bbox 1071 2929 1174 2994; x_wconf 81' lang='lat' dir='ltr'><strong>saepe</strong></span> <span class='ocrx_word' id='word_1_208' title='bbox 1197 2909 1359 2992; x_wconf 84' lang='lat' dir='ltr'><strong>indigne-</strong></span> 
     </span>
     <span class='ocr_line' id='line_1_24' title="bbox 188 3013 865 3100; baseline 0.006 -22"><span class='ocrx_word' id='word_1_209' title='bbox 188 3014 291 3081; x_wconf 93' lang='lat' dir='ltr'><strong>tionis</strong></span> <span class='ocrx_word' id='word_1_210' title='bbox 315 3015 388 3082; x_wconf 84' lang='lat' dir='ltr'><strong>sive</strong></span> <span class='ocrx_word' id='word_1_211' title='bbox 410 3013 550 3082; x_wconf 89' lang='lat' dir='ltr'><strong>ludibrii</strong></span> <span class='ocrx_word' id='word_1_212' title='bbox 574 3024 626 3084; x_wconf 91' lang='lat' dir='ltr'><strong>est</strong></span> <span class='ocrx_word' id='word_1_213' title='bbox 649 3014 865 3100; x_wconf 83' lang='lat' dir='ltr'><strong>significatio.</strong></span> 
     </span>
    </p>
   </div>
   <div class='ocr_carea' id='block_1_4' title="bbox 186 3155 1361 4205">
    <p class='ocr_par' dir='ltr' id='par_1_4' title="bbox 186 3155 1361 4205">
     <span class='ocr_line' id='line_1_25' title="bbox 277 3155 1360 3243; baseline 0.003 -22"><span class='ocrx_word' id='word_1_214' title='bbox 277 3155 364 3224; x_wconf 89' lang='lat' dir='ltr'><strong>Mire</strong></span> <span class='ocrx_word' id='word_1_215' title='bbox 387 3163 564 3243; x_wconf 86' lang='lat' dir='ltr'><strong>praeterea</strong></span> <span class='ocrx_word' id='word_1_216' title='bbox 586 3158 622 3224; x_wconf 93' lang='lat' dir='ltr'><strong>in</strong></span> <span class='ocrx_word' id='word_1_217' title='bbox 644 3158 704 3225; x_wconf 90' lang='lat' dir='ltr'><strong>illo</strong></span> <span class='ocrx_word' id='word_1_218' title='bbox 728 3178 854 3241; x_wconf 85' lang='lat' dir='ltr'><strong>genere</strong></span> <span class='ocrx_word' id='word_1_219' title='bbox 877 3156 1089 3225; x_wconf 86' lang='lat' dir='ltr'><strong>conformata</strong></span> <span class='ocrx_word' id='word_1_220' title='bbox 1112 3163 1194 3225; x_wconf 93' lang='lat' dir='ltr'><strong>sunt</strong></span> <span class='ocrx_word' id='word_1_221' title='bbox 1214 3160 1242 3225; x_wconf 79' lang='lat' dir='ltr'>V</span> <span class='ocrx_word' id='word_1_222' title='bbox 1259 3156 1303 3225; x_wconf 83' lang='lat'><strong>88</strong></span> <span class='ocrx_word' id='word_1_223' title='bbox 1327 3164 1360 3226; x_wconf 90' lang='lat' dir='ltr'><strong>et</strong></span> 
     </span>
     <span class='ocr_line' id='line_1_26' title="bbox 187 3262 1361 3353; baseline -0.001 -24"><span class='ocrx_word' id='word_1_224' title='bbox 187 3262 376 3345; x_wconf 85' lang='lat' dir='ltr'><strong>gemellum</strong></span> <span class='ocrx_word' id='word_1_225' title='bbox 399 3265 447 3330; x_wconf 86' lang='lat' dir='ltr'><strong>VI</strong></span> <span class='ocrx_word' id='word_1_226' title='bbox 469 3262 489 3331; x_wconf 89' lang='grc'>6</span> <span class='ocrx_word' id='word_1_227' title='bbox 514 3265 645 3353; x_wconf 81' lang='grc' dir='ltr'><em>ἁμαρτία</em></span> <span class='ocrx_word' id='word_1_228' title='bbox 668 3267 715 3329; x_wconf 76' lang='grc' dir='ltr'><strong>καὶ</strong></span> <span class='ocrx_word' id='word_1_229' title='bbox 738 3265 864 3348; x_wconf 73' lang='grc' dir='ltr'><em>ἀσέβεια</em></span> <span class='ocrx_word' id='word_1_230' title='bbox 888 3263 931 3341; x_wconf 87' lang='grc' dir='ltr'><strong>εἴς</strong></span> <span class='ocrx_word' id='word_1_231' title='bbox 952 3288 988 3328; x_wconf 85' lang='grc' dir='ltr'><strong>τε</strong></span> <span class='ocrx_word' id='word_1_232' title='bbox 1012 3265 1080 3340; x_wconf 81' lang='grc' dir='ltr'><em>τοὺς</em></span> <span class='ocrx_word' id='word_1_233' title='bbox 1102 3263 1194 3340; x_wconf 74' lang='grc' dir='ltr'><em>θεοὺς</em></span> <span class='ocrx_word' id='word_1_234' title='bbox 1215 3267 1270 3328; x_wconf 81' lang='grc' dir='ltr'><strong>καὶ</strong></span> <span class='ocrx_word' id='word_1_235' title='bbox 1293 3265 1361 3345; x_wconf 82' lang='grc' dir='ltr'><em>τοὺς</em></span> 
     </span>
     <span class='ocr_line' id='line_1_27' title="bbox 188 3369 1359 3459; baseline 0.002 -25"><span class='ocrx_word' id='word_1_236' title='bbox 188 3371 301 3456; x_wconf 78' lang='grc' dir='ltr'><em>νόμους.</em></span> <span class='ocrx_word' id='word_1_237' title='bbox 346 3369 387 3436; x_wconf 89' lang='lat' dir='ltr'><strong>In</strong></span> <span class='ocrx_word' id='word_1_238' title='bbox 416 3376 534 3455; x_wconf 81' lang='lat' dir='ltr'><strong>aperto</strong></span> <span class='ocrx_word' id='word_1_239' title='bbox 564 3372 656 3438; x_wconf 88' lang='lat' dir='ltr'><strong>enim</strong></span> <span class='ocrx_word' id='word_1_240' title='bbox 685 3375 736 3437; x_wconf 77' lang='lat' dir='ltr'><strong>esi</strong></span> <span class='ocrx_word' id='word_1_241' title='bbox 764 3371 895 3459; x_wconf 82' lang='grc' dir='ltr'><em>ἁμαρτία</em></span> <span class='ocrx_word' id='word_1_242' title='bbox 923 3371 968 3437; x_wconf 83' lang='lat' dir='ltr'><strong>ad</strong></span> <span class='ocrx_word' id='word_1_243' title='bbox 997 3371 1116 3455; x_wconf 78' lang='grc' dir='ltr'><em>νόμους,</em></span> <span class='ocrx_word' id='word_1_244' title='bbox 1147 3371 1296 3453; x_wconf 74' lang='grc' dir='ltr'><strong>εὐσέβειαΙ</strong></span> <span class='ocrx_word' id='word_1_245' title='bbox 1314 3371 1359 3436; x_wconf 82' lang='lat' dir='ltr'><strong>ed</strong></span> 
     </span>
     <span class='ocr_line' id='line_1_28' title="bbox 188 3476 1358 3563; baseline 0.004 -23"><span class='ocrx_word' id='word_1_246' title='bbox 188 3476 281 3553; x_wconf 70' lang='grc' dir='ltr'><em>θεοὺς</em></span> <span class='ocrx_word' id='word_1_247' title='bbox 301 3478 486 3561; x_wconf 84' lang='lat' dir='ltr'><strong>pertine1·e;</strong></span> <span class='ocrx_word' id='word_1_248' title='bbox 510 3477 674 3563; x_wconf 84' lang='lat' dir='ltr'><strong>sequitur,</strong></span> <span class='ocrx_word' id='word_1_249' title='bbox 697 3483 737 3544; x_wconf 92' lang='lat' dir='ltr'><strong>ut</strong></span> <span class='ocrx_word' id='word_1_250' title='bbox 760 3480 918 3545; x_wconf 91' lang='lat' dir='ltr'><strong>notiones</strong></span> <span class='ocrx_word' id='word_1_251' title='bbox 942 3478 1035 3554; x_wconf 72' lang='lat' dir='ltr'><strong>denec</strong></span> <span class='ocrx_word' id='word_1_252' title='bbox 1056 3481 1090 3544; x_wconf 88' lang='lat' dir='ltr'><strong>et</strong></span> <span class='ocrx_word' id='word_1_253' title='bbox 1113 3480 1220 3563; x_wconf 74' lang='grc' dir='ltr'><em>νόμους</em></span> <span class='ocrx_word' id='word_1_254' title='bbox 1233 3498 1304 3545; x_wconf 92' lang='lat' dir='ltr'><strong>non</strong></span> <span class='ocrx_word' id='word_1_255' title='bbox 1321 3479 1358 3545; x_wconf 93' lang='lat' dir='ltr'><strong>in</strong></span> 
     </span>
     <span class='ocr_line' id='line_1_29' title="bbox 187 3581 1358 3670; baseline 0.003 -23"><span class='ocrx_word' id='word_1_256' title='bbox 187 3603 294 3650; x_wconf 92' lang='lat' dir='ltr'><strong>unam</strong></span> <span class='ocrx_word' id='word_1_257' title='bbox 319 3583 388 3649; x_wconf 92' lang='lat' dir='ltr'><strong>sint</strong></span> <span class='ocrx_word' id='word_1_258' title='bbox 412 3581 624 3664; x_wconf 76' lang='lat' dir='ltr'><strong>conflandae,</strong></span> <span class='ocrx_word' id='word_1_259' title='bbox 653 3585 713 3651; x_wconf 89' lang='lat' dir='ltr'><strong>scd</strong></span> <span class='ocrx_word' id='word_1_260' title='bbox 737 3605 799 3669; x_wconf 90' lang='lat' dir='ltr'><strong>per</strong></span> <span class='ocrx_word' id='word_1_261' title='bbox 821 3605 857 3652; x_wconf 89' lang='lat' dir='ltr'><strong>se</strong></span> <span class='ocrx_word' id='word_1_262' title='bbox 881 3591 1025 3670; x_wconf 90' lang='lat' dir='ltr'><strong>utraque</strong></span> <span class='ocrx_word' id='word_1_263' title='bbox 1050 3585 1094 3651; x_wconf 93' lang='lat' dir='ltr'><strong>ad</strong></span> <span class='ocrx_word' id='word_1_264' title='bbox 1117 3585 1358 3658; x_wconf 85' lang='lat' dir='ltr'><strong>antecedentes</strong></span> 
     </span>
     <span class='ocr_line' id='line_1_30' title="bbox 188 3688 1359 3776; baseline 0.001 -20"><span class='ocrx_word' id='word_1_265' title='bbox 188 3690 259 3756; x_wconf 90' lang='lat' dir='ltr'><strong>sint</strong></span> <span class='ocrx_word' id='word_1_266' title='bbox 281 3688 487 3758; x_wconf 87' lang='lat' dir='ltr'><strong>referendae.</strong></span> <span class='ocrx_word' id='word_1_267' title='bbox 525 3689 621 3772; x_wconf 83' lang='lat' dir='ltr'><strong>Quae</strong></span> <span class='ocrx_word' id='word_1_268' title='bbox 643 3713 721 3759; x_wconf 81' lang='lat' dir='ltr'><strong>cuni</strong></span> <span class='ocrx_word' id='word_1_269' title='bbox 737 3693 786 3758; x_wconf 89' lang='lat' dir='ltr'><strong>ite</strong></span> <span class='ocrx_word' id='word_1_270' title='bbox 802 3693 881 3771; x_wconf 82' lang='lat' dir='ltr'><strong>sint,</strong></span> <span class='ocrx_word' id='word_1_271' title='bbox 905 3693 1029 3759; x_wconf 89' lang='lat' dir='ltr'><strong>rectius</strong></span> <span class='ocrx_word' id='word_1_272' title='bbox 1047 3691 1240 3776; x_wconf 82' lang='lat' dir='ltr'><strong>scripsisset</strong></span> <span class='ocrx_word' id='word_1_273' title='bbox 1255 3690 1359 3765; x_wconf 85' lang='lat' dir='ltr'><strong>Anti-</strong></span> 
     </span>
     <span class='ocr_line' id='line_1_31' title="bbox 188 3794 1359 3886; baseline 0.001 -24"><span class='ocrx_word' id='word_1_274' title='bbox 188 3794 283 3881; x_wconf 90' lang='lat' dir='ltr'><strong>phon</strong></span> <span class='ocrx_word' id='word_1_275' title='bbox 307 3799 470 3877; x_wconf 79' lang='grc' dir='ltr'><em>καὶ-καὶ,</em></span> <span class='ocrx_word' id='word_1_276' title='bbox 493 3799 529 3864; x_wconf 90' lang='lat' dir='ltr'><strong>id</strong></span> <span class='ocrx_word' id='word_1_277' title='bbox 553 3799 644 3884; x_wconf 92' lang='lat' dir='ltr'><strong>quod</strong></span> <span class='ocrx_word' id='word_1_278' title='bbox 667 3798 773 3884; x_wconf 88' lang='lat' dir='ltr'><strong>probe</strong></span> <span class='ocrx_word' id='word_1_279' title='bbox 796 3798 978 3884; x_wconf 86' lang='lat' dir='ltr'><strong>usurpavit</strong></span> <span class='ocrx_word' id='word_1_280' title='bbox 999 3801 1019 3866; x_wconf 89' lang='grc' dir='ltr'>Ι</span> <span class='ocrx_word' id='word_1_281' title='bbox 1044 3798 1085 3865; x_wconf 84' lang='grc'><strong>25</strong></span> <span class='ocrx_word' id='word_1_282' title='bbox 1177 3800 1359 3886; x_wconf 72' lang='grc' dir='ltr'><em>δικαιότερον</em></span> 
     </span>
     <span class='ocr_line' id='line_1_32' title="bbox 187 3903 1359 3993; baseline 0.003 -25"><span class='ocrx_word' id='word_1_283' title='bbox 187 3906 235 3968; x_wconf 81' lang='grc' dir='ltr'><strong>καὶ</strong></span> <span class='ocrx_word' id='word_1_284' title='bbox 262 3906 423 3992; x_wconf 79' lang='grc' dir='ltr'><em>ὁσιώτερον</em></span> <span class='ocrx_word' id='word_1_285' title='bbox 449 3909 506 3969; x_wconf 77' lang='grc' dir='ltr'><strong>καὶ</strong></span> <span class='ocrx_word' id='word_1_286' title='bbox 534 3909 609 3993; x_wconf 81' lang='grc' dir='ltr'><em>πρὸς</em></span> <span class='ocrx_word' id='word_1_287' title='bbox 634 3906 715 3970; x_wconf 64' lang='grc' dir='ltr'><em>θεῶν</em></span> <span class='ocrx_word' id='word_1_288' title='bbox 738 3909 794 3970; x_wconf 79' lang='grc' dir='ltr'><strong>καὶ</strong></span> <span class='ocrx_word' id='word_1_289' title='bbox 816 3910 893 3993; x_wconf 80' lang='grc' dir='ltr'><em>πρὸς</em></span> <span class='ocrx_word' id='word_1_290' title='bbox 914 3905 1093 3993; x_wconf 69' lang='grc' dir='ltr'><em>ἀνθρώπων.</em></span> <span class='ocrx_word' id='word_1_291' title='bbox 1142 3903 1359 3980; x_wconf 82' lang='lat' dir='ltr'><strong>illiusmodi</strong></span> 
     </span>
     <span class='ocr_line' id='line_1_33' title="bbox 186 4009 1359 4100; baseline -0.001 -23"><span class='ocrx_word' id='word_1_292' title='bbox 186 4031 285 4096; x_wconf 89' lang='lat' dir='ltr'><strong>porro</strong></span> <span class='ocrx_word' id='word_1_293' title='bbox 316 4009 513 4095; x_wconf 89' lang='lat' dir='ltr'><strong>exemplum</strong></span> <span class='ocrx_word' id='word_1_294' title='bbox 540 4013 687 4098; x_wconf 84' lang='lat' dir='ltr'><strong>reperies</strong></span> <span class='ocrx_word' id='word_1_295' title='bbox 716 4013 820 4080; x_wconf 90' lang='lat' dir='ltr'><strong>etiam</strong></span> <span class='ocrx_word' id='word_1_296' title='bbox 847 4013 883 4078; x_wconf 95' lang='lat' dir='ltr'><strong>in</strong></span> <span class='ocrx_word' id='word_1_297' title='bbox 906 4009 1029 4079; x_wconf 88' lang='lat' dir='ltr'><strong>tetrall.</strong></span> <span class='ocrx_word' id='word_1_298' title='bbox 1054 4014 1114 4079; x_wconf 90' lang='lat' dir='ltr'><strong>III</strong></span> <span class='ocrx_word' id='word_1_299' title='bbox 1137 4014 1165 4095; x_wconf 75' lang='grc' dir='ltr'><strong>β,</strong></span> <span class='ocrx_word' id='word_1_300' title='bbox 1186 4011 1226 4078; x_wconf 86' lang='grc'><strong>12</strong></span> <span class='ocrx_word' id='word_1_301' title='bbox 1249 4013 1300 4100; x_wconf 70' lang='grc' dir='ltr'><strong>την</strong></span> <span class='ocrx_word' id='word_1_302' title='bbox 1323 4037 1359 4076; x_wconf 80' lang='grc' dir='ltr'><strong>τε</strong></span> 
     </span>
     <span class='ocr_line' id='line_1_34' title="bbox 188 4117 1357 4205; baseline 0.002 -24"><span class='ocrx_word' id='word_1_303' title='bbox 188 4117 239 4182; x_wconf 79' lang='grc' dir='ltr'><strong>οὖν</strong></span> <span class='ocrx_word' id='word_1_304' title='bbox 266 4118 473 4199; x_wconf 75' lang='grc' dir='ltr'><em>εὐσέβειαν...</em></span> <span class='ocrx_word' id='word_1_305' title='bbox 497 4121 553 4182; x_wconf 78' lang='grc' dir='ltr'><strong>καὶ</strong></span> <span class='ocrx_word' id='word_1_306' title='bbox 580 4123 613 4183; x_wconf 82' lang='grc' dir='ltr'><strong>τὸ</strong></span> <span class='ocrx_word' id='word_1_307' title='bbox 641 4119 752 4190; x_wconf 80' lang='grc' dir='ltr'><em>δίκαιον</em></span> <span class='ocrx_word' id='word_1_308' title='bbox 775 4121 943 4205; x_wconf 77' lang='grc' dir='ltr'><em>αἰδούμενοι</em></span> <span class='ocrx_word' id='word_1_309' title='bbox 966 4119 1055 4195; x_wconf 82' lang='grc' dir='ltr'><em>ὁσίως</em></span> <span class='ocrx_word' id='word_1_310' title='bbox 1076 4121 1123 4182; x_wconf 73' lang='grc' dir='ltr'><strong>καὶ</strong></span> <span class='ocrx_word' id='word_1_311' title='bbox 1145 4119 1265 4195; x_wconf 76' lang='grc' dir='ltr'><em>δικαίαις</em></span> <span class='ocrx_word' id='word_1_312' title='bbox 1286 4122 1357 4183; x_wconf 81' lang='grc' dir='ltr'><em>α’πο·</em></span> 
     </span>
    </p>
   </div>
   <div class='ocr_carea' id='block_1_5' title="bbox 188 4294 1358 4473">
    <p class='ocr_par' dir='ltr' id='par_1_5' title="bbox 188 4294 1358 4473">
     <span class='ocr_line' id='line_1_35' title="bbox 259 4294 1358 4385; baseline 0.001 -19"><span class='ocrx_word' id='word_1_313' title='bbox 259 4313 280 4382; x_wconf 89' lang='grc'><strong>1)</strong></span> <span class='ocrx_word' id='word_1_314' title='bbox 300 4314 336 4366; x_wconf 75' lang='grc' dir='ltr'><strong>ιι.</strong></span> <span class='ocrx_word' id='word_1_315' title='bbox 361 4314 548 4368; x_wconf 75' lang='lat' dir='ltr'><strong>simrurmum</strong></span> <span class='ocrx_word' id='word_1_316' title='bbox 573 4315 653 4381; x_wconf 78' lang='lat' dir='ltr'><strong>apua</strong></span> <span class='ocrx_word' id='word_1_317' title='bbox 676 4315 817 4369; x_wconf 81' lang='lat' dir='ltr'><strong>nomn.</strong></span> <span class='ocrx_word' id='word_1_318' title='bbox 841 4315 908 4367; x_wconf 86' lang='lat' dir='ltr'><strong>ree</strong></span> <span class='ocrx_word' id='word_1_319' title='bbox 937 4317 1004 4379; x_wconf 63' lang='lat' dir='ltr'><strong>uec</strong></span> <span class='ocrx_word' id='word_1_320' title='bbox 1029 4317 1127 4376; x_wconf 65' lang='grc' dir='ltr'><em>ςοιτος</em></span> <span class='ocrx_word' id='word_1_321' title='bbox 1149 4314 1191 4367; x_wconf 70' lang='grc' dir='ltr'><strong>ιιι</strong></span> <span class='ocrx_word' id='word_1_322' title='bbox 1215 4314 1257 4367; x_wconf 75' lang='lat' dir='ltr'><strong>aa</strong></span> <span class='ocrx_word' id='word_1_323' title='bbox 1277 4294 1358 4385; x_wconf 74' lang='grc' dir='ltr'><em>χοοα</em></span> 
     </span>
     <span class='ocr_line' id='line_1_36' title="bbox 188 4404 370 4473; baseline 0.005 -17"><span class='ocrx_word' id='word_1_324' title='bbox 188 4404 370 4473; x_wconf 76' lang='grc' dir='ltr'><em>δερκομένοιο.</em></span> 
     </span>
    </p>
   </div>
   <div class='ocr_carea' id='block_1_6' title="bbox 0 0 1648 5206">
    <p class='ocr_par' dir='ltr' id='par_1_6' title="bbox 0 0 1648 5206">
     <span class='ocr_line' id='line_1_37' title="bbox 0 0 1648 5206; baseline 0 0"><span class='ocrx_word' id='word_1_325' title='bbox 0 0 1648 5206; x_wconf 95' lang='lat' dir='ltr'><strong> </strong></span> 
     </span>
    </p>
   </div>
  </div>
 </body>
</html>
