3286 5206
678 471 856 530 -21-

180 633 216 694 τὰ
250 636 424 719 πράγματα,
458 635 491 697 et
517 628 562 697 46
591 634 754 719 ὑπομνῆσαι
782 633 830 694 καὶ
857 630 1131 718 ἐνθυμηθῆναι
1160 632 1350 718 ἀμφότερα

179 739 236 801 καὶ
262 745 345 825 σφῶν
373 740 471 803 αὐτῶν
498 738 584 802 ἕνεκα
611 739 667 801 καὶ
695 743 747 826 τῆς
772 739 894 814 πόλεως.
945 735 1061 822 Atque
1090 735 1181 803 hane
1211 737 1348 803 dicandi

179 842 370 911 ubertatem
393 843 481 910 sicut
504 842 572 911 alia
595 844 706 910 multa
730 863 772 910 ex
787 840 931 909 Homeri
956 841 1165 909 carminibus
1182 843 1228 909 ad
1244 840 1348 909 Anti-

180 950 348 1035 phontem
366 950 586 1018 descendisse
601 947 826 1016 manifestum
842 953 903 1028 est,
924 947 984 1016 illo
1001 954 1137 1016 tantum
1154 949 1349 1016 discrimine

178 1057 394 1144 interposito,
424 1059 515 1143 quod
538 1057 632 1142 apud
655 1053 856 1135 Homerum,
881 1056 1009 1142 quippe
1033 1077 1054 1122 a
1078 1057 1175 1123 cuius
1200 1056 1349 1123 dictione

179 1167 318 1228 καὶ-καὶ
333 1165 529 1231 coniunctio
546 1165 591 1230 sit
608 1161 732 1242 aliena,
756 1187 864 1228 τε-τε
879 1160 937 1229 vel
953 1167 1077 1228 τε-καὶ
1091 1163 1236 1230 voculae
1250 1184 1348 1229 usur-

179 1277 313 1355 pantur.
351 1269 451 1351 Quod
475 1275 514 1336 ut
536 1268 660 1337 clarius
675 1270 914 1355 perspiciatur,
938 1289 1050 1354 pauca
1066 1268 1226 1354 exempla
1241 1289 1349 1355 appo-

178 1397 259 1443 nere
281 1375 397 1445 liceat:
432 1375 472 1444 H.
497 1374 548 1442 IV
571 1374 718 1444 59—60:
752 1377 802 1441 καί
818 1402 859 1462 με
882 1377 1088 1466 πρεσβυτάτην
1111 1377 1210 1440 τέκετο
1235 1377 1352 1464 Κρόνος

179 1486 389 1573 ἀγκυλομήτης,
413 1486 634 1571 ἀμφότερον,
661 1488 746 1572 γενεῇ
766 1509 802 1548 τε
818 1487 874 1548 καὶ
889 1484 995 1548 οὕνεκα
1011 1482 1050 1573 σὴ
1067 1486 1237 1571 παράκοιτις
1251 1485 1347 1572 κέκλη-

174 1615 244 1676 μαι;
268 1590 398 1657 ibidem
413 1611 446 1658 V.
466 1590 656 1657 144-145:
680 1592 801 1680 βασιλῆϊ
816 1592 852 1654 δὲ
867 1596 957 1655 κεῖται
973 1591 1103 1676 ἄγαλμα,
1128 1592 1347 1678 ἀμφύτεμον,

179 1699 287 1783 κόσμος
309 1699 340 1761 d'
364 1699 442 1783 ἵππῳ
466 1699 589 1786 ἐλατῆρί
608 1723 644 1763 τε
667 1699 763 1774 κῦδος.
807 1695 890 1763 Alia
912 1695 963 1763 ΠΙ
982 1695 1059 1775 179;
1082 1695 1151 1763 VH
1166 1696 1233 1764 418
1257 1703 1347 1783 (τε-

178 1805 244 1886 δὲ);
267 1801 354 1870 XHI
379 1802 451 1871 166.

741 2253 787 2294 ΤΕ.

267 2397 298 2437 τε
312 2370 503 2457 particulae
518 2392 622 2438 usum
639 2392 719 2438 eum
736 2392 810 2438 csse
827 2371 1045 2454 grammatici
1061 2370 1301 2457 praescribunt
1311 2374 1347 2454 ι1,

176 2484 215 2545 ut
243 2483 399 2545 conectat
426 2499 467 2545 ee
495 2479 674 2544 enuntiata
702 2498 863 2545 eorumve
892 2477 1063 2557 membra,
1094 2499 1181 2563 quae
1206 2479 1347 2545 arctiore

178 2587 327 2671 quodam
356 2585 494 2652 vinculo
521 2585 611 2651 inter
639 2606 675 2651 se
704 2583 918 2653 cohaereant,
966 2584 1114 2650 Addunt
1142 2589 1259 2651 autem
1282 2585 1347 2650 viri

177 2693 269 2760 docti
292 2690 389 2758 illam
413 2692 506 2776 apud
530 2698 650 2776 poetas
674 2691 954 2770 usitatissimam,
982 2693 1076 2776 apud
1098 2690 1207 2758 bonos
1230 2698 1346 2758 temen

176 2798 311 2866 solutae
346 2798 509 2864 orationis
545 2799 727 2884 scriptores
763 2797 1010 2879 rarissimam2)
1047 2818 1129 2864 esse.
1182 2795 1246 2863 Cui
1277 2798 1346 2881 legi

177 2925 378 2992 quanquam
402 2903 657 2990 Antiphontem
684 2925 878 2990 repugnare
901 2905 1076 2984 videmus,
1104 2909 1220 2971 tamen
1245 2925 1346 2971 nemo

177 3014 251 3092 erit,
275 3012 329 3078 cui
352 3010 419 3078 hoc
435 3013 561 3078 mirum
578 3012 737 3078 videatur
753 3012 984 3078 consideranti
1001 3032 1080 3079 eum
1097 3010 1256 3096 exempla
1272 3032 1346 3078 ora-

176 3121 281 3186 tionis
306 3119 563 3204 componendae
588 3119 729 3186 nonnisi
754 3139 774 3185 e
796 3119 906 3204 poetis
924 3118 1177 3204 antiquissimis
1194 3123 1346 3204 repetere

176 3225 339 3310 potuisse.
374 3224 545 3312 Exempla
560 3246 642 3291 voro
658 3223 745 3292 haec
762 3229 915 3294 exstant:
939 3224 992 3292 19
1008 3227 1028 3289 ἃ
1046 3223 1131 3310 (scil.
1151 3227 1344 3313 ἀνδράποδα)

176 3331 294 3421 συνῄδει
322 3336 368 3396 καὶ
398 3335 544 3420 πρότερον
567 3330 619 3420 τὴν
644 3337 764 3414 γυναῖκα
788 3334 953 3422 ταύτην...
978 3337 1021 3420 τῴ
1045 3335 1189 3420 πατρὶ...
1216 3333 1346 3397 θάνατον

248 3494 269 3561 ¹)
289 3493 431 3548 Kuehner
449 3494 467 3545 1.
481 3494 499 3546 l.
513 3509 541 3560 p.
555 3492 619 3545 787:
649 3513 695 3558 „re
719 3493 800 3547 fiihrt
825 3493 900 3546 auch
927 3495 1014 3546 einen
1034 3494 1101 3546 Setz
1122 3494 1183 3557 cin,
1208 3493 1261 3545 der
1280 3494 1345 3546 eine
1452 3493 1456 3498 '

176 3582 1048 3650 Ergdnzungfflrklitrung,woitereAusfiihrung
1062 3582 1345 3647 desvorhcrgehen·

176 3673 248 3738 den,
272 3674 343 3725 oder
366 3672 442 3723 auch
466 3673 531 3723 eine
556 3688 608 3723 aus
633 3672 745 3723 diesem
770 3671 1017 3736 hcrvorgchende
1037 3672 1148 3736 Folge
1173 3671 1345 3737 ausdriickt‚

176 3761 237 3814 und
263 3762 301 3814 ist
325 3778 357 3813 so
382 3761 465 3813 nicht
490 3761 569 3812 bloss
589 3761 620 3812 in
640 3761 692 3812 der
711 3760 959 3826 Dichtcrsprache
980 3760 1095 3825 h'eufig,
1120 3761 1249 3812 sondcrn
1269 3761 1345 3812 cuch

175 3853 207 3903 in
233 3851 286 3903 der
304 3851 409 3914 Prosa,
432 3849 615 3903 namentlich
637 3849 685 3901 bei
704 3850 835 3901 Herodot
854 3848 916 3900 und
935 3848 1138 3916 Thucydides,
1163 3848 1232 3901 sehr
1251 3850 1345 3901 seiten

176 3941 223 3992 bei
243 3940 301 3992 den
314 3938 480 3991 Redncrn“.
512 3938 595 3990 Idem
615 3939 675 3990 fere
695 3938 785 3990 sentit
797 3938 914 4002 Jacobs,
933 3939 1031 3990 Attice
1047 3954 1074 4004 p.
1088 3938 1138 3990 391
1154 3938 1209 3990 sub
1222 3953 1265 3990 rs:
1286 3939 1345 4002 „Zu

176 4029 299 4093 Anfang
324 4043 383 4080 von
408 4029 515 4080 S'dtzcn
538 4027 592 4079 mit
616 4027 797 4079 Naohdruck
821 4027 869 4078 cin
892 4028 1028 4080 Resultet
1053 4043 1106 4078 aus
1131 4028 1198 4080 denr
1223 4027 1345 4079 vorhor-

175 4117 335 4184 gehenden
354 4116 674 4169 zusammcnfassend“.

247 4205 268 4274 ²)
289 4206 323 4258 cf.
345 4221 419 4272 quae
444 4206 527 4258 Fuhr
551 4206 606 4258 Rh.
626 4207 701 4257 Mus.
722 4207 769 4270 33,
792 4222 819 4271 p.
839 4205 889 4258 599
914 4205 950 4256 de
974 4206 1029 4256 hec
1052 4206 1197 4271 particula
1220 4204 1343 4268 iudicut3

176 4301 321 4364 quantum
341 4294 377 4346 ab
397 4295 460 4347 eius
481 4296 517 4348 de
537 4295 605 4347 Ant.
622 4297 769 4347 sententia
789 4295 949 4359 discedam,
968 4311 1005 4346 ex
1024 4293 1193 4360 insequenti
1212 4293 1343 4360 disputa-

174 4386 254 4438 tione
274 4384 433 4449 insigniter
453 4383 587 4436 elucebit.
