3286 5206
803 467 981 526 -12-

308 627 519 694 removenda
542 630 632 694 sunt.
680 623 731 692 IV
756 652 775 709 γ
799 625 852 706 4‚1
879 631 939 693 etc.
966 630 1078 693 exstat
1105 628 1247 716 ἐτόλμησε
1270 629 1305 692 δὲ
1327 629 1416 692 εἰπεῖν
1439 631 1485 704 ὡς

309 737 326 796 ὁ
354 734 450 821 ἄρξας
476 740 528 822 τῆς
553 733 666 823 πληγῆς
692 735 739 797 καὶ
762 735 805 822 μὴ
835 733 1016 821 διαφθείρας
1037 735 1150 820 μᾶλλον
1177 737 1229 800 τοῦ
1259 735 1485 811 ἀποκτείναντος

308 843 417 927 φονεύς
438 842 511 919 ἐστι,
536 860 638 926 quem
660 838 776 907 locum
795 861 873 907 cum
888 839 1086 907 Maotznero
1105 845 1139 907 et
1154 838 1322 908 Muellero
1338 841 1388 908 sio
1403 861 1481 908 ver-

308 947 452 1014 tendum
476 967 550 1013 esse
574 967 711 1026 censeo,
740 951 779 1012 ut
805 949 853 1011 καὶ
874 945 1063 1032 particulae
1086 946 1199 1014 subsit
1222 950 1317 1014 notio
1342 956 1480 1016 conces-

309 1054 385 1121 siva
398 1051 573 1138 (Muellon
590 1053 748 1133 „tametsi
760 1052 996 1120 adversarium
1008 1074 1079 1119 non
1091 1055 1321 1140 peremerit‘),
1337 1057 1373 1121 id
1386 1057 1480 1142 quod

309 1179 420 1246 neque
454 1157 614 1226 abhorret
645 1158 687 1226 ab
716 1157 946 1245 Antiphontis
976 1161 1223 1228 consuetudine
1253 1159 1308 1247 (cf.
1325 1159 1358 1226 V
1385 1160 1478 1248 aui)

308 1285 420 1352 neque
453 1267 543 1331 iusto
579 1266 696 1332 sensui
729 1271 908 1352 repugnat.
967 1265 1150 1335 Praeterea
1183 1272 1298 1335 autem
1325 1268 1381 1335 vel
1410 1267 1479 1335 alio

310 1373 461 1458 quodam
485 1371 621 1439 dicendi
644 1392 711 1439 usu
734 1370 863 1455 Ignatii
887 1373 1057 1440 sententia
1073 1372 1249 1442 refutatur.
1292 1372 1480 1442 Consuevit

309 1479 401 1545 enim
426 1484 548 1558 orator,
571 1477 631 1545 ubi
653 1477 836 1564 participia
859 1478 1157 1547 substantivorum
1179 1479 1254 1548 loco
1270 1482 1383 1567 posita
1400 1502 1481 1549 oon-

305 1585 431 1672 jungit
455 1586 592 1672 utrique
616 1587 741 1652 addere
765 1585 948 1653 articulum
958 1589 991 1671 ¹).
1028 1585 1126 1654 Illius
1149 1609 1289 1674 prorsus
1311 1586 1479 1670 gemellus

308 1691 403 1759 locus
431 1693 607 1760 invenitur
634 1693 671 1760 in
695 1693 816 1759 eadem
838 1692 1071 1779 paragrapho:
1101 1698 1118 1757 ο
1138 1696 1194 1780 μὲν
1217 1697 1350 1772 πατάξας
1371 1698 1479 1784 καὶμὴ

309 1801 483 1877 ἀποκτείνας
507 1807 560 1889 τῆς
586 1802 698 1890 πληγῆς
722 1802 885 1889 βουλευτὴς
910 1803 1040 1884 ἐγένετο,
1070 1805 1086 1863 ο
1111 1802 1145 1865 δὲ
1174 1802 1346 1888 turonicae
1367 1805 1480 1867 τύπτων

310 1912 361 1970 τοῦ
385 1907 528 1972 θανάτου.

397 2029 515 2099 Redeo
540 2033 585 2098 ad
607 2031 707 2099 illum
731 2053 834 2118 quem
853 2033 964 2118 primo
980 2031 1055 2099 loco
1073 2033 1259 2118 explanavi
1274 2054 1386 2114 usum,
1412 2055 1478 2120 quo

309 2139 413 2205 etiam
437 2137 525 2206 aliae
547 2139 774 2225 proprietates
798 2139 973 2206 accedunt.
1011 2138 1166 2206 Primum
1190 2141 1283 2206 enim
1307 2143 1400 2226 apud
1418 2162 1479 2227 op-

308 2246 410 2311 timos
435 2247 617 2331 scriptores
642 2266 682 2312 ea
704 2243 794 2329 lox2)
820 2244 1035 2326 observatur,
1062 2251 1101 2312 ut
1125 2250 1172 2310 καὶ
1193 2247 1317 2314 vocula
1339 2247 1480 2315 nonnisi

308 2351 414 2419 verba
438 2352 593 2418 eiusdem
617 2351 745 2418 ordinis
763 2351 835 2418 sive
851 2351 1006 2418 membra
1021 2353 1149 2438 pariter
1165 2351 1376 2420 conformata
1390 2355 1480 2421 inter

309 2479 346 2524 se
363 2459 625 2540 coniungantur.
656 2457 841 2544 Antiphon
857 2463 974 2524 autem
985 2457 1179 2526 liberiorem
1192 2455 1363 2528 scribendi
1375 2462 1479 2528 ratio-

309 2585 389 2632 nem
418 2564 648 2652 amplectitur,
676 2570 715 2631 ut
742 2564 868 2632 formas
896 2565 985 2632 inter
1013 2587 1048 2633 se
1077 2565 1261 2634 dissimiles
1285 2573 1478 2654 componat,

311 2673 402 2757 quod
425 2693 536 2755 genus
560 2673 604 2738 ad
628 2677 800 2739 austeram
823 2671 920 2739 illam
942 2673 1225 2758 compositionem
1243 2679 1375 2760 spectat
1391 2695 1479 2760 quae

313 2781 417 2866 ,μύσει
437 2781 561 2844 ἐοικέναι
580 2782 692 2865 μᾶλλον
715 2781 855 2861 βούλεται
877 2780 896 2867 ἢ
920 2781 1072 2870 τέχνηΗ).
1112 2779 1194 2847 «lam
1218 2780 1377 2866 exempla
1399 2779 1479 2866 pro-

308 2906 493 2972 ponamus:
517 2890 537 2953 Ι
560 2885 633 2966 26,1
661 2888 802 2963 ἑκουσίως
820 2890 866 2951 καί
881 2889 1085 2969 [duodeciacam
1110 2887 1186 2968 273
1203 2893 1264 2965 τοῖς
1277 2888 1418 2964 ἑκουσίοις
1432 2891 1480 2952 καὶ

310 2995 343 3056 ἐκ
362 2994 503 3080 προνοίας
524 2995 697 3082 ἀδικημασι;
728 2991 804 3073 28,6
828 2998 871 3070 ὡς
888 2997 1019 3080 μάλιστα
1043 2995 1181 3060 δύνανται
1203 2994 1409 3082 λαθραιότατα
1432 2998 1479 3058 καί

310 3105 352 3177 ὡς
379 3101 550 3188 ἀνθρώπων
574 3103 691 3189 μηδένα
719 3103 841 3180 εἷόέναι;
866 3103 913 3168 VI
939 3100 1029 3181 19,4;
1058 3100 1134 3181 25,6
1160 3124 1191 3146 =
1207 3098 1241 3166 V
1264 3100 1349 3180 625.
1406 3099 1480 3168 Nec

309 3228 380 3275 non
404 3210 440 3274 in
463 3207 652 3290 tetralogiis
675 3205 745 3275 tale
769 3209 853 3294 quid
876 3208 1041 3293 reperitur
1060 3212 1099 3275 Π
1112 3235 1132 3273 α
1147 3208 1201 3288 4,3
1218 3209 1334 3297 ἑτοίμην
1350 3211 1398 3272 καὶ
1413 3233 1477 3272 κατ-

310 3316 503 3403 ειργασμένην
525 3317 576 3403 την
599 3316 754 3401 ὠφέλειαν.
806 3313 939 3381 Eodem
967 3313 1110 3381 fortasse
1133 3319 1265 3400 spectat
1288 3313 1340 3380 VI
1363 3313 1478 3395 aul-2

310 3421 570 3511 ἐνθυμηθῆναι...
589 3425 635 3486 καί
651 3428 703 3510 τῆς
718 3426 834 3511 γνώμης
848 3429 905 3486 τῶν
922 3422 1072 3487 ἀντιδίκων
1089 3426 1134 3486 καί
1150 3423 1205 3509 οίῳ
1222 3425 1325 3510 τμύπιμ
1341 3417 1479 3512 ἔμγονίαι

310 3531 356 3593 ἐπὶ
378 3531 414 3593 τὰ
438 3533 607 3617 πράγματα.

400 3652 533 3720 Deinde
557 3652 653 3720 haud
675 3675 749 3721 raro
770 3654 807 3720 in
822 3652 885 3720 tali
901 3651 1116 3740 copulatione
1132 3651 1244 3736 figura
1259 3652 1321 3720 illa
1340 3653 1479 3738 „hyste-

310 3782 372 3828 ron
384 3766 563 3848 proteron“
574 3763 818 3850 (npcoddorepov)
832 3782 918 3847 quae
926 3766 1069 3828 vocatur
1081 3759 1355 3848 deprehenditur.
1382 3759 1478 3841 Quae

309 3874 488 3955 poetarum
504 3871 723 3955 maximeque
739 3867 880 3936 Homeri
895 3870 1032 3956 propria
1047 3869 1150 3935 etiam
1163 3870 1208 3935 ad
1220 3869 1478 3955 antiquissimos

311 4039 312 4042 ’
383 4031 404 4097 1)
424 4033 459 4083 cl.
479 4033 522 4085 IV
543 4031 631 4096 d3‚5:
658 4031 687 4084 εἴ
704 4051 735 4084 τε
758 4032 811 4102 γὰρ
836 4035 850 4083 ὁ
871 4033 1052 4093 πατάξας...
1077 4032 1179 4095 μᾶλλον
1198 4036 1256 4083 τοῦ
1276 4031 1479 4090 ἀποκτείναντος

311 4121 409 4188 φονεύς
428 4123 500 4183 &cm
519 4120 557 4173 ib.
570 4119 614 4184 42
634 4120 712 4172 οὐδὲν
730 4121 833 4184 μᾶλλον
850 4121 1039 4184 ὁὸιωκόμενος
1057 4125 1115 4171 τοῦ
1134 4121 1287 4183 διώκοντοςς
1306 4120 1477 4186 probatissi-

311 4225 394 4261 mum
407 4225 477 4261 vero
491 4210 534 4262 IV
548 4209 619 4274 aad
638 4209 698 4261 ἔστι
713 4210 797 4262 δὲκαὶ
812 4211 827 4279 ἡ
840 4209 908 4281 τύχη
921 4214 970 4261 τοῦ
984 4208 1118 4278 ἄρξαντος
1130 4210 1171 4261 καὶ
1184 4211 1216 4261 οὐ
1230 4215 1287 4261 τοῦ
1301 4211 1477 4274 ἀμυνομένου.

382 4296 404 4365 ²)
425 4298 459 4351 of.
479 4298 625 4363 Krueger,
644 4298 692 4351 Gr.
707 4298 839 4364 Spraohl.
860 4297 877 4364 ξ
896 4298 940 4363 59,
957 4300 982 4362 2,
1003 4298 1036 4350 Α.
1051 4299 1075 4349 2.

383 4387 404 4454 ³)
424 4389 546 4454 Dionys
567 4389 660 4439 Halio.
681 4389 717 4440 de
736 4403 829 4454 comp.
850 4387 931 4441 verb.
951 4403 975 4440 c.
995 4387 1037 4440 22.
