3286 5206
636 1455 886 1531 INDEX.

1289 1767 1344 1806 pag.

174 1829 363 1880 Prooemium
382 1868 1275 1880 .....................
1330 1827 1346 1880 5

202 1917 225 1968 Ι.
246 1916 437 1982 Copulativce

281 2005 315 2056 A.
336 2005 367 2056 in
387 2005 549 2056 enuntiatis
569 2003 757 2056 affirmativis

334 2094 376 2145 καὶ

396 2197 420 2234 a.
441 2181 472 2234 in
492 2197 729 2248 synonymorum
749 2181 952 2234 cumulatione
1003 2223 1273 2236 .......
1330 2184 1346 2235 9

393 2270 419 2322 b.
440 2270 482 2322 καὶ
502 2271 533 2322 od
559 2309 1006 2324 ...........
1037 2291 1039 2295 ’
1045 2311 1273 2324 ......
1313 2271 1346 2323 10

397 2375 419 2412 c.
441 2359 476 2410 de
496 2359 655 2425 asperitate
675 2359 804 2425 quadam
824 2359 855 2411 in
875 2361 1042 2426 copulando
1092 2401 1275 2424 .....
1315 2361 1346 2411 12

394 2448 420 2502 d.
441 2448 738 2515 hysteron-proteron
781 2489 1274 2502 ............
1314 2449 1346 2500 12

398 2553 422 2590 a.
442 2538 484 2590 καὶ
503 2537 534 2588 in
555 2536 691 2602 parataxi
738 2577 743 2587 .
782 2577 787 2588 .
827 2579 831 2588 .
870 2578 876 2590 .
911 2569 913 2573 -
915 2579 1274 2594 .........
1314 2536 1346 2588 13

403 2626 421 2678 f.
442 2627 474 2677 in
494 2627 624 2678 oratione
644 2625 848 2676 continuanda
871 2667 1274 2678 ..........
1313 2625 1345 2677 15

393 2729 421 2782 g.
441 2711 508 2782 κᾷτα
646 2755 1273 2768 ...............
1313 2715 1346 2766 18

393 2803 420 2860 h.
441 2803 483 2855 καὶ
502 2803 533 2854 in
554 2802 697 2870 asyndeto
735 2844 1274 2857 .............
1313 2803 1346 2854 18

405 2893 422 2946 i.
443 2893 479 2944 de
498 2892 662 2944 collocandi
682 2892 811 2959 quadam
830 2893 944 2946 ratione
959 2935 1274 2946 ........
1314 2892 1346 2944 18

391 2983 420 3042 k.
441 2981 477 3032 de
496 2981 538 3034 καὶ
558 2987 701 3048 sequente
720 2982 879 3034 relativum
912 3023 1273 3036 .........
1313 2983 1345 3034 19

334 3071 473 3123 καὶ-καὶ

397 3175 421 3216 a.
441 3161 472 3212 in
492 3159 668 3212 universum
691 3200 1274 3214 ..............
1313 3161 1345 3212 19

393 3249 420 3314 1),
440 3249 472 3300 in
492 3248 669 3316 synonymis
690 3249 879 3301 cumulandis
913 3289 1274 3304 .........
1312 3249 1346 3300 20

399 3353 422 3390 c.
443 3337 479 3388 de
499 3354 557 3390 usu
576 3354 616 3390 or.
630 3339 674 3391 Vl
693 3339 814 3404 proprio
867 3379 1274 3391 ..........
1313 3337 1346 3388 20

334 3446 365 3478 τε
381 3467 1052 3480 ................
1084 3493 1085 3496 ¹
1090 3468 1274 3480 .....
1312 3427 1344 3478 21

335 3535 451 3567 ΤΞ-ΤΕ

398 3620 422 3655 c.
442 3604 474 3655 in
493 3606 669 3657 universum
693 3645 1185 3659 ............
1225 3651 1227 3655 .
1269 3646 1274 3656 .
1312 3605 1346 3656 26

393 3693 420 3744 b.
441 3693 472 3743 in
492 3693 593 3746 verbis
613 3693 789 3760 copulandis
824 3735 1274 3748 ...........
1312 3694 1346 3745 27

399 3797 421 3834 c.
442 3783 473 3833 in
494 3783 654 3834 enuntiatis
675 3799 728 3849 cop
732 3824 1274 3836 .............
1312 3783 1345 3834 27

334 3870 488 3938 τε(-)καὶ

397 3961 568 4014 an—ffl
605 4001 1141 4014 .............
1172 3961 1345 4015 s..ffl

394 4048 420 4100 b.
440 4049 531 4101 τεκαὶ
558 4090 1273 4103 .................
1311 4050 1346 4101 30

399 4153 422 4188 c.
443 4137 479 4189 de
499 4138 664 4190 abundanti
683 4137 813 4205 quodam
833 4155 890 4191 usu
914 4179 1273 4192 .........
1312 4139 1343 4190 31

283 4227 314 4277 B.
335 4227 367 4278 in
386 4223 547 4279 enuntiatis
567 4227 748 4292 negantibus

335 4315 400 4366 οὐδὲ
425 4355 1272 4368 ....................
1311 4317 1343 4368 31

335 4402 518 4456 οὔτε-οὔτε
558 4444 1273 4459 .................
1311 4403 1344 4456 32
