3286 5206
686 489 862 548 -47-

146 733 148 738 ι
182 651 220 717 in
244 651 355 736 soirpo
380 669 543 736 quaerere
566 647 654 714 mihi
676 649 848 727 videntur.
873 649 933 734 qui
955 647 1041 715 loeis
1066 647 1275 734 quibusdam
1292 670 1356 716 nu-

184 759 265 825 dam
294 756 351 845 μὲν
383 755 589 843 particulam
623 756 763 823 nonnisi
796 755 1052 822 adversativam
1087 776 1160 823 esse
1190 764 1358 824 sonantur

88 873 92 879 '
183 864 337 952 probare.
371 863 422 929 nt
446 864 492 930 ad
515 863 607 930 hano
632 862 783 948 quidem,
809 864 1038 948 quommodo
1062 861 1210 948 professi
1226 884 1357 943 sumne.

185 970 393 1056 sententiam
427 969 673 1037 stabiliendam
706 971 858 1036 maxime
886 970 1051 1036 idoneum
1080 968 1278 1054 exemplum
1307 975 1359 1036 est

184 1079 212 1146 V
235 1079 256 1146 9
284 1059 333 1142 οιαὶ
360 1082 403 1154 ὡς
424 1076 491 1164 μὲν
518 1081 554 1142 οὐ
583 1078 749 1163 κακοῦργός
770 1079 827 1163 εἰμι
850 1078 916 1142 οὐδ’
934 1075 1046 1166 Ιἔνοχος
1068 1125 1075 1139 .
1094 1125 1101 1139 .
1120 1125 1143 1150 .,
1172 1079 1255 1141 αὐτοὶ
1278 1077 1359 1142 οὗτοι

185 1187 289 1250 τούτου
315 1210 348 1267 γε
367 1187 522 1272 μαρτυρες
545 1185 721 1272 γεγένηνται.
769 1182 935 1249 Eiusdem
959 1183 1094 1267 generis
1118 1189 1199 1249 sunt
1222 1182 1357 1264 V36‚l;

121 1353 124 1359 .
186 1291 259 1369 37,1
272 1293 305 1374 1).
353 1289 486 1380 Eodem
515 1288 630 1357 referri
654 1288 761 1357 velim
784 1291 832 1356 vl
856 1289 911 1370 22)
936 1293 983 1354 καὶ
1005 1291 1074 1366 τοὺς
1091 1288 1160 1375 μὲν
1183 1292 1359 1375 νόμους

126 1466 128 1472 ,
186 1400 291 1474 πάντες
312 1399 349 1462 ἂν
372 1399 554 1462 ἐπαινέσειαν
578 1400 718 1462 κάλλιστα
742 1397 839 1483 νόμιον
855 1398 988 1474 relatiua
1012 1397 1086 1463 loeo
1105 1395 1253 1480 gemello
1270 1395 1303 1462 V
1319 1397 1359 1463 14

187 1506 278 1571 eninr
303 1511 417 1572 exstat
440 1507 509 1581 τούς
532 1530 565 1587 γε
589 1506 702 1591 νόμους.
742 1503 887 1571 Constat
910 1510 1027 1572 autem
1047 1509 1106 1594 μὴν
1124 1510 1157 1572 et
1174 1529 1206 1588 γε
1231 1525 1359 1588 cogno·
1382 1555 1385 1560 -
1471 1543 1472 1546 =

185 1613 278 1679 tione
302 1614 454 1696 quadam
478 1632 553 1678 esse
578 1612 761 1678 ooniuneta
785 1616 887 1697 atque
907 1612 956 1678 ita
973 1613 1124 1698 quidem,
1147 1617 1187 1678 ut
1198 1615 1257 1702 μὴν
1272 1611 1359 1698 (μὲν)

186 1721 231 1786 ad
254 1725 344 1787 totas
369 1710 635 1798 enuntiationes,
662 1745 695 1803 γε
712 1720 888 1805 adportes
906 1739 1023 1786 earum
1039 1720 1245 1805 premendas
1262 1740 1359 1804 spee-

186 1832 249 1906 τοι,
279 1825 318 1893 of.
350 1824 390 1892 G.
421 1825 601 1893 Hermann
630 1827 674 1892 ad
696 1823 776 1908 Vig.
808 1826 977 1892 idiotismi
1005 1827 1056 1892 ed.
1085 1823 1136 1891 IV
1165 1846 1197 1910 p.
1227 1824 1293 1893 822
1327 1832 1360 1892 et

186 1931 322 2000 B'auml.
348 1934 369 1999 l.
394 1933 415 1999 l.
442 1954 474 2018 p.
501 1932 552 2000 53.
606 1930 726 1999 Altero
754 1933 860 2014 igitur
887 1930 962 1999 loeo
990 1937 1103 1999 totum
1131 1933 1359 2011 enuntiatum.

188 2039 294 2107 altero
317 2040 519 2126 primariam
542 2059 662 2105 vooem
687 2058 834 2122 urguere
856 2037 967 2105 voluit
991 2044 1112 2105 orator.

276 2163 317 2229 ln
340 2160 465 2229 tetrall.
490 2183 572 2229 vero
595 2161 682 2228 haee
706 2167 844 2228 exstant
866 2164 927 2229 ΙΙΙ
952 2162 1132 2245 71‚1;1v
1156 2189 1176 2227 α
1201 2163 1268 2242 1.1;
1297 2183 1360 2230 neo

189 2291 287 2336 secus
311 2271 335 2352 β
357 2268 411 2347 24
440 2273 489 2332 τὸν
513 2316 520 2330 .
541 2315 578 2330 ..
606 2269 738 2356 ἄρξαντα
762 2315 769 2331 .
791 2316 798 2330 .
821 2315 842 2340 .,
873 2271 899 2331 εἷ
917 2266 974 2354 μὲν
998 2315 1005 2329 .
1027 2315 1034 2330 .
1056 2315 1063 2329 .
1086 2271 1238 2357 &proauitae
1262 2270 1360 2344 αὐτόν,

187 2378 306 2465 ἠδίκουν
325 2374 392 2461 μὲν
416 2377 482 2440 οὐδ’
507 2376 602 2451 οὕτως
624 2383 671 2458 (=
693 2373 790 2441 hatte
813 2372 871 2440 ioh
886 2372 1088 2441 ivahrlioh
1105 2374 1195 2442 auoh
1211 2396 1248 2442 so
1264 2373 1361 2441 nieht

187 2481 335 2550 unroeht
358 2481 514 2566 gethan).

278 2588 352 2655 Iam
376 2609 468 2654 unus
492 2594 598 2654 restat
622 2587 729 2667 loeus,
754 2590 796 2654 de
821 2609 887 2674 quo
912 2587 1088 2673 hueusque
1112 2589 1264 2653 virorum
1281 2588 1361 2654 doo-

188 2702 301 2762 torum
325 2695 515 2762 sententiae
539 2696 576 2760 in
593 2695 847 2761 diversissimas
865 2701 981 2780 partes
999 2693 1142 2772 abeunt;
1166 2714 1230 2760 nos
1247 2693 1362 2760 lucem

189 2800 309 2868 afferre
338 2822 532 2887 possumus.
588 2801 759 2868 Exaratur
788 2803 884 2868 oodd.
915 2805 934 2869 Ι
962 2800 1032 2868 aa
1152 2800 1204 2867 οὐκ
1232 2802 1362 2891 ἠθέλησε

188 2917 294 2996 σαφῶς
320 2910 474 2973 πυθέσθαι
502 2911 574 2994 ἐμοῦ
602 2909 758 2984 ἐθέλοντος
784 2933 819 2996 sp
843 2911 1012 2994 δικαιοτάτῃ
1039 2907 1181 2994 βασάνῳΙ
1186 2908 1363 2996 χρήσασθαι

189 3019 257 3103 περὶ
280 3017 384 3080 ταύταν
408 3019 460 3079 τοῦ
484 3018 670 3101 ποαηιατος;
694 3019 780 3078 τοῦτο
800 3013 857 3100 μὲν
880 3017 939 3102 γὰρ
956 3017 1184 3104 ἠθελήσαμεν
1198 3016 1235 3078 τὰ
1251 3017 1362 3079 τούτων

189 3123 367 3210 ἀνδράποδα
396 3123 554 3204 βασανίσαι
673 3123 860 3204 βασανιστάς
885 3147 917 3185 τε
944 3119 1053 3198 αὐτοὺς
1078 3123 1200 3198 τούτους
1228 3122 1363 3186 ἐκέλευον

191 3230 345 3312 γίγνεσθαι
377 3231 449 3314 ἐμοῦ
482 3230 635 3316 παρόντος.
694 3225 892 3322 Genulnam
928 3229 1133 3312 scripturam
1164 3229 1361 3316 ἠθελήσαμεν,

190 3357 267 3402 curn
291 3341 468 3402 aecusator
484 3356 658 3420 nusquam
676 3334 761 3402 alias
778 3333 905 3419 plurali
921 3355 1064 3401 numero
1080 3339 1206 3415 utatur,
1230 3333 1361 3402 nullius

191 3463 265 3510 esse
288 3443 388 3530 pretii
412 3442 449 3507 in
473 3447 591 3528 aperto
616 3448 675 3508 est.
716 3442 836 3527 ltaque
859 3442 1075 3520 recentiores.
1099 3439 1262 3508 Sohaeler
1279 3441 1314 3526 (l.
1334 3463 1360 3508 o.

189 3547 555 3635 permanseritis
580 3547 737 3615 Blassius
762 3547 919 3632 lgnatius
945 3548 980 3631 (l.
1004 3569 1029 3615 o.
1055 3571 1087 3634 p.
1109 3548 1224 3631 lssfisl)
1249 3554 1362 3615 muta-

189 3664 271 3722 runt
286 3657 322 3721 in
339 3657 472 3744 ἠθέλησα
485 3658 541 3742 μὲν
555 3653 707 3742 Sauppio
725 3656 976 3741 adstipulantes
993 3656 1234 3740 interpretanti
1247 3656 1360 3741 (epist.

191 3763 262 3829 orit.
288 3762 333 3828 ad
357 3760 397 3827 G.
423 3760 539 3828 Herm.
565 3783 597 3848 p.
616 3761 659 3828 28
683 3765 750 3847 sq.)
775 3783 883 3847 aequo
907 3767 1010 3847 atquo
1034 3765 1071 3826 ἂν
1095 3769 1128 3830 et
1153 3788 1186 3845 γε
1208 3761 1262 3829 bis
1278 3764 1363 3846 poni

190 3868 282 3936 hano
306 3870 376 3956 μὲν,
405 3869 454 3934 ita
482 3873 520 3933 ut
550 3869 721 3953 „primum
749 3869 794 3934 ad
823 3874 933 3935 totam
956 3873 1090 3952 partem
1113 3869 1261 3953 priorem
1285 3888 1363 3934 sen-

263 4048 284 4116 1)
314 4047 454 4100 Sohaefer
472 4049 490 4101 l.
511 4048 528 4099 l.
549 4047 581 4098 in
606 4048 782 4099 universum
807 4047 987 4100 Biiumleinii
1010 4047 1155 4100 iudicium
1180 4049 1362 4114 amplectens

157 4173 159 4178 -
191 4139 255 4204 ipse
270 4153 389 4205 quoque
402 4136 482 4188 huno
501 4153 589 4189 usum
603 4137 790 4189 Rhamnusia
811 4138 954 4202 assignat,
973 4138 1108 4201 neglegit
1126 4142 1227 4188 tamen
1240 4139 1267 4189 V
1281 4137 1325 4200 37,
1339 4139 1361 4188 1.

262 4225 285 4292 2)
314 4226 450 4290 Wetzell,
480 4227 584 4290 „Baitu
614 4243 637 4278 z.
667 4226 753 4278 Gebr.
774 4225 864 4290 einig.
888 4227 966 4281 Part.
991 4226 1018 4276 b.
1043 4225 1129 4276 Ant.“
1159 4241 1187 4290 p.
1213 4227 1254 4289 12,
1283 4225 1363 4276 huno

191 4299 280 4367 usum
304 4315 425 4367 nonnisi
449 4316 481 4366 in
504 4315 549 4366 III
573 4313 639 4384 713
663 4314 706 4366 IV
726 4333 743 4364 α
764 4313 777 4366 1
803 4313 957 4380 invenisse
981 4313 1039 4365 sibi
1062 4313 1195 4376 videtur3
1224 4313 1260 4364 de
1280 4314 1323 4366 VI
1346 4313 1362 4363 2

193 4403 271 4456 nihil
290 4403 454 4455 diiudicare
473 4404 569 4456 audet.
