3286 5206
779 493 958 552 -55-

288 652 363 718 eine
385 650 494 718 iosere
518 652 572 731 ist,
597 652 649 718 als
678 649 1068 739 Uebergangspartikei:
1097 650 1263 731 ‚,femer“;
1292 651 1321 718 2.
1340 648 1458 717 Wenn

288 759 344 824 die
367 756 572 843 Boziehung
600 778 704 841 enger
732 760 792 827 ist:
826 781 884 840 „so
908 760 1034 840 denn“,
1066 757 1248 840 „daher““,
1277 779 1365 846 quae
1387 759 1459 825 usi-

287 866 459 932 tatissima
488 871 548 932 est.
600 864 676 932 lam
703 885 784 932 vero
813 887 891 933 cum
919 868 1013 952 apud
1040 870 1199 933 nostrum
1226 866 1335 932 rarius
1360 866 1396 950 <t
1413 867 1459 949 ><)

286 973 324 1038 in
356 993 460 1040 usum
492 973 612 1038 veniat
645 973 752 1052 τοίνυν,
784 973 845 1038 vix
872 973 1057 1060 quicquam
1087 973 1159 1040 eius
1186 973 1318 1058 proprii
1345 976 1461 1056 potest

288 1079 459 1146 constitui.
496 1076 626 1145 Verum
649 1078 716 1146 hoc
732 1078 877 1146 fortasse
893 1080 1216 1146 commemoratione
1234 1079 1380 1163 dignum
1397 1083 1459 1159 est,

288 1187 380 1272 quod
405 1206 444 1252 ca
466 1189 614 1265 tantum,
639 1207 744 1271 quom
768 1184 875 1253 altero
899 1187 973 1253 loco
996 1185 1112 1273 posuit
1131 1183 1400 1268 Rosenbergius,
1424 1185 1460 1250 vi

286 1297 486 1377 usurpatum
510 1313 682 1378 nusquam
704 1293 810 1376 igitur
832 1290 1101 1378 deprehenditm·
1123 1294 1161 1358 in
1184 1292 1398 1371 transitione,
1422 1293 1460 1357 in

289 1419 358 1486 qua
390 1401 519 1466 auctori
553 1399 602 1466 rei
636 1397 795 1485 publicae
824 1398 1106 1478 Atheniensium,
1143 1396 1357 1465 Rhamnusii
1390 1396 1461 1465 fere

288 1506 438 1592 aequali,
469 1511 502 1573 et
524 1505 700 1573 Andocidi
729 1504 908 1573 familiaris
935 1506 1062 1573 locutio
1087 1510 1138 1573 cst
1161 1506 1237 1594 φέρε
1261 1507 1298 1595 δὴ
1321 1506 1414 1571 τοίνυν
1423 1507 1458 1586 1).

287 1611 408 1698 Neque
440 1633 522 1680 vero
555 1611 813 1696 neglegendum
841 1618 908 1692 est,
936 1613 973 1678 id
996 1613 1089 1699 quod
1113 1610 1276 1679 Schaefer
1302 1610 1462 1698 laudavit

289 1718 325 1804 (l.
353 1740 378 1787 c.
403 1741 436 1806 p.
455 1719 528 1804 53),
557 1720 650 1784 τοίνυν
679 1719 841 1786 omnibus
870 1740 933 1786 orr.
959 1721 987 1785 V
1011 1724 1045 1785 et
1067 1720 1116 1786 VI
1138 1718 1222 1786 locis
1246 1738 1324 1785 cum
1347 1717 1462 1804 prima

288 1845 437 1910 persona
461 1824 628 1910 copulari,
657 1823 697 1891 ci.
722 1826 751 1892 V
773 1823 818 1893 60
840 1826 918 1908 λέγω
941 1826 1034 1890 τοίνυν
1056 1823 1114 1892 vei
1136 1823 1180 1892 66
1200 1827 1242 1913 μὴ
1265 1825 1359 1889 τοίνυν
1382 1827 1462 1910 ἐμοὶ

288 1933 415 2020 vairpam
439 1933 513 1998 sim.
539 1923 597 2011 83;
619 1932 668 1998 VI
691 1930 747 2010 26;
772 1931 823 1999 31.

376 2036 442 2105 His
470 2039 575 2122 igitur
603 2037 797 2128 explanatis
827 2039 871 2104 ad
899 2036 1006 2105 finem
1029 2036 1136 2104 huius
1162 2037 1460 2106 commentationis

288 2145 517 2229 pervenimus.
558 2142 719 2230 Namque
743 2165 783 2212 ea
807 2165 895 2231 quac
917 2150 1104 2231 supersunt
1120 2145 1349 2224 conclusiraa
1374 2145 1459 2232 ἄρα,

288 2253 510 2339 τοιγιίρ(τοι)
535 2257 729 2339 τοιγαροῦν
753 2256 814 2318 aut
836 2252 1010 2319 rarissime
1035 2257 1094 2318 eut
1115 2252 1255 2318 omnino
1276 2271 1348 2318 non
1362 2251 1459 2318 inre-

287 2357 439 2436 niuntun
463 2358 512 2423 ita
534 2362 574 2423 ut
596 2355 706 2424 fusius
729 2359 956 2444 nonpossint
976 2361 1124 2426 tractari.
1167 2359 1230 2446 ἄρα
1247 2358 1342 2444 apud
1357 2356 1461 2424 Anti-

287 2462 455 2552 phontem
486 2484 555 2531 uno
589 2463 664 2531 loco
698 2465 793 2532 codd.
824 2471 979 2532 servatur
1008 2467 1055 2533 VI
1086 2466 1102 2531 1
1132 2468 1159 2530 εἰ
1186 2466 1215 2530 δ’
1244 2466 1306 2552 ἄρα
1334 2488 1376 2540 τις
1401 2467 1459 2528 ιιτλ.

290 2569 427 2637 Addere
450 2568 563 2650 liceat,
588 2592 675 2658 quae
700 2571 742 2638 de
765 2570 831 2638 hac
854 2570 1026 2656 particula
1050 2570 1218 2652 Kalinka,
1241 2571 1262 2639 l.
1282 2592 1308 2638 c.
1333 2590 1364 2655 p.
1384 2569 1460 2651 208,

288 2674 481 2761 profitetur:
510 2671 775 2763 „Antiquissimi
787 2676 905 2756 Attici,
921 2678 1045 2764 inquit,
1057 2678 1172 2762 magis
1186 2678 1347 2772 minusve
1360 2697 1461 2744 aare·

287 2788 378 2862 runt,
401 2805 445 2851 ne
469 2785 531 2873 ἄρα
555 2805 635 2851 cum
659 2783 737 2851 aliis
761 2784 877 2851 verbis
901 2806 1005 2870 quam
1029 2787 1124 2869 (sici)
1150 2805 1229 2852 cum
1249 2785 1461 2852 coniunctio-

287 2889 392 2956 nibus
427 2893 538 2974 εί(ἐὰν)
572 2898 605 2958 et
637 2895 681 2968 ιὀς
711 2892 994 2974 coniungerent“‚
1027 2891 1063 2957 id
1093 2890 1186 2976 quod
1213 2889 1272 2957 illo
1301 2891 1460 2977 exemplo

289 2993 531 3063 confirmatum
554 2998 662 3064 rides.

377 3105 527 3191 τοιγάρτοι
550 3109 584 3170 ct
607 3109 765 3192 τοιγαροῦν
781 3124 869 3190 quae
886 3104 978 3189 apud
995 3112 1123 3171 ceteros
1140 3104 1321 3191 scriptores
1337 3125 1459 3190 pamm

289 3207 560 3295 frequentantur,
582 3209 844 3296 Antiphonteae
861 3209 1046 3278 elocutioni
1062 3231 1202 3297 prorsus
1219 3210 1352 3278 alienae
1368 3217 1458 3278 sunt.

361 4401 382 4469 1)
403 4401 437 4454 ci.
458 4401 597 4466 Kalinka‚
616 4402 634 4452 l.
649 4416 671 4452 c.
685 4417 713 4467 p.
729 4401 787 4454 190.
