3286 5206
791 455 967 516 „23-

297 616 358 684 ubi
384 621 499 703 partes
527 614 674 695 habent,
705 634 772 700 quo
800 615 890 682 inter
919 635 955 682 se
979 611 1243 701 opponanturl)';
1272 613 1329 682 hic
1353 620 1470 682 autem

297 725 330 788 ct
347 749 389 799 τε,
412 725 434 790 i.
455 744 481 791 e.
508 720 788 790 adulescentulus
814 722 873 808 qui
895 721 1042 801 necavit,
1066 722 1251 808 opponitur
1273 725 1301 786 oi
1324 723 1368 797 δὲ,
1392 721 1413 787 i.
1440 741 1467 788 e.

296 831 326 897 is
351 830 410 916 qui
433 832 507 916 ipse
531 849 614 896 suae
636 829 756 896 mortis
773 827 1081 916 culpam'sustinet.
1122 827 1228 895 Porro
1254 827 1296 896 10
1317 827 1386 907 bis;
1412 828 1469 906 11;

293 963 315 1022 r
339 937 373 1017 2;
403 937 439 1017 7;
473 937 509 1016 9;
534 937 577 1003 de
600 934 652 1002 Ill
675 937 700 1019 β
725 935 746 1002 8
770 942 803 1002 et
828 961 847 1019 r
869 935 910 1002 12
935 933 974 1003 ef.
998 957 1031 1022 p.
1057 934 1114 1014 23;
1139 937 1188 1002 lv
1212 961 1233 1000 α
1256 934 1291 1014 2;
1320 933 1403 1013 3-4;
1432 933 1469 1012 7;

293 1046 321 1127 st
340 1043 377 1123 7;
395 1043 443 1123 Ι9;
476 1043 550 1127 71;
575 1043 650 1122 a3;
674 1041 710 1122 6;
734 1042 769 1122 9;
796 1041 847 1110 10.
894 1039 990 1109 Haeo
1013 1046 1129 1108 autem
1153 1041 1313 1127 exempla
1335 1041 1365 1107 si
1389 1041 1469 1126 quis

295 1149 462 1216 intentius
482 1148 674 1236 perlegerit,
699 1169 778 1215 eum
798 1168 869 1218 non
886 1145 996 1230 fugiet
1010 1146 1265 1234 Antiphontem
1280 1146 1377 1214 haud
1392 1167 1469 1214 raro

296 1253 554 1340 neglegentiam
582 1255 757 1342 quandam
782 1254 1004 1333 commisisse,
1028 1253 1120 1339 quod
1134 1273 1245 1337 genus
1262 1253 1366 1320 etiam
1382 1250 1470 1320 alias

297 1361 551 1448 deprehensum
568 1411 569 1416 η
586 1366 646 1428 est.
700 1359 887 1434 Collooatio
922 1360 1014 1427 enim
1049 1358 1187 1426 illarum
1220 1356 1469 1445 particularum

296 1467 454 1552 legitima
492 1489 533 1537 ea
568 1474 635 1548 est,
668 1472 707 1535 ut
738 1465 901 1534 membris
936 1465 1154 1552 comparibus
1188 1466 1466 1549 adiungantur2).

296 1574 481 1661 Antiphon
505 1581 622 1642 autem
644 1595 707 1660 pro
731 1594 795 1641 sua
818 1578 852 1640 et
873 1573 1012 1660 propria
1032 1571 1203 1640 scribendi
1217 1572 1358 1640 licentia
1372 1571 1469 1639 haud

296 1702 373 1749 raro
398 1679 543 1750 alterum
566 1706 598 1746 τε
621 1681 670 1747 ita
693 1683 804 1767 primo
826 1680 1000 1766 sequentis
1017 1681 1186 1747 enuntiati
1202 1677 1371 1747 vocabulo
1387 1678 1469 1746 sub-

296 1789 365 1868 icit,
388 1793 428 1855 ut
449 1809 520 1856 non
543 1808 753 1874 magnopere
777 1792 880 1865 curet,
902 1793 1019 1853 utrum
1034 1784 1122 1854 haec
1138 1806 1207 1854 vox
1221 1787 1326 1873 priori
1341 1812 1373 1851 τε
1388 1807 1469 1873 par-

296 1893 404 1963 ticula
425 1895 612 1962 instructae
635 1894 843 1982 respondeat
860 1912 977 1959 neone.
1019 1891 1220 1960 Cuiusmodi
1236 1898 1317 1960 sunt
1331 1894 1372 1959 Π
1388 1918 1408 1956 α
1426 1891 1468 1960 10

297 2003 329 2066 ot
353 2027 442 2066 τε...
469 2002 771 2084 ἐπιβουλεύοντες...,
796 1997 971 2087 ἀσύμφορόν
994 2000 1025 2064 θ’
1050 1998 1129 2085 ipim
1152 1999 1282 2066 ibidem
1306 1998 1466 2078 alierum3

296 2105 368 2192 β3;
387 2108 444 2187 11;
463 2108 528 2191 713
544 2108 593 2174 IV
606 2133 627 2172 α
639 2106 668 2174 2.
702 2103 829 2174 Omnia
845 2126 926 2173 vero
938 2104 1025 2173 haee
1038 2106 1277 2173 concinnitatis
1290 2105 1468 2190 neglectae

297 2212 457 2299 exempla
485 2213 529 2279 ad
552 2216 726 2279 austeram
748 2210 846 2278 illam
870 2211 1154 2298 compositionem
1177 2216 1350 2298 spectant,
1380 2231 1468 2298 quae

296 2319 600 2404 grammaticarum
627 2317 745 2402 legum
768 2319 986 2386 severitatem
1008 2339 1079 2385 non
1103 2324 1207 2386 curat.

801 2591 962 2601 ——w-

821 2860 856 2899 τε
880 2837 944 2899 καὶ.

386 3005 418 3045 τε
445 2983 493 3044 καὶ
519 2976 707 3064 particulas
734 2979 1029 3064 praemonendum
1062 2984 1113 3044 ast
1140 2999 1212 3045 non
1239 2979 1277 3045 in
1306 2977 1466 3045 omnibus

298 3090 394 3152 orati.
420 3085 541 3152 eadem
565 3084 800 3172 exemplorum
823 3083 1013 3170 frequentia
1035 3085 1094 3150 uti.
1146 3082 1305 3171 Namque
1329 3105 1407 3152 cum
1430 3085 1467 3151 in

298 3191 620 3271 declamationibus,
648 3192 775 3278 quippe
802 3191 839 3258 in
867 3191 992 3278 quibus
1018 3217 1134 3256 τε-τε
1157 3190 1359 3259 vocularum
1382 3211 1466 3258 usus

294 3297 504 3385 praevaleat,
520 3319 631 3386 paene
648 3304 867 3378 evanescant,
884 3301 920 3364 in
937 3298 1150 3367 orationibus
1162 3300 1363 3366 tritissimae
1375 3304 1464 3365 sunt.

386 3403 461 3472 Iam
484 3426 564 3473 vero
588 3405 744 3489 vulgaris
771 3425 889 3473 earum
911 3406 997 3472 ratio
1022 3411 1087 3485 est,
1114 3411 1154 3471 ut
1177 3411 1323 3490 cognata
1345 3403 1403 3472 vel
1426 3426 1467 3473 ea

298 3510 470 3598 copulent,
495 3533 583 3599 quae
607 3513 707 3599 quasi
730 3513 767 3579 in
787 3533 897 3579 unum
913 3513 983 3580 sint
998 3510 1252 3593 confundenda,
1277 3533 1355 3580 cum
1371 3516 1464 3577 roi—

298 3622 345 3684 καὶ
372 3639 413 3685 ea
436 3621 639 3703 coniungat,
668 3640 755 3706 quae
778 3621 866 3686 inter
890 3641 926 3686 se
949 3624 1073 3687 natura
1096 3617 1258 3686 differant
1282 3617 1338 3705 (oi.
1356 3640 1389 3705 p.
1408 3619 1466 3704 20)

299 3732 332 3794 et
354 3747 414 3812 per
438 3747 474 3794 se
498 3733 679 3813 utrumque
703 3728 773 3794 sint
795 3728 1050 3814 perpendenda.
1087 3725 1202 3813 Atque
1218 3724 1311 3793 hanc
1328 3726 1466 3812 quidem

369 3923 390 3992 1)
411 3924 446 3976 ef.
457 3923 605 3990 Hartung,
617 3925 712 3978 Lehra
726 3941 754 3976 v.
766 3924 792 3978 d.
804 3940 848 3990 gr.
858 3926 935 3977 Part.
947 3925 1061 3978 192no.
1073 3924 1096 3977 5.
1109 3954 1140 3961 —-
1155 3924 1297 3976 Kuehner
1309 3925 1326 3976 l.
1338 3925 1356 3976 l.
1366 3939 1394 3990 p.
1405 3923 1466 3988 789,

298 4013 385 4066 Anm.
400 4013 424 4067 3.
445 4043 478 4051 -
497 4013 635 4078 Krueger
653 4015 671 4066 l.
685 4015 703 4066 l.
722 4014 796 4082 §BQ
815 4014 902 4066 Anm.
918 4015 941 4065 6.
975 4014 1118 4066 Similiter
1137 4013 1214 4066 inter
1233 4029 1264 4065 se
1284 4012 1466 4080 respondent

298 4101 428 4156 οὔτε-δὲ
447 4103 477 4156 II
496 4123 514 4155 α
532 4101 592 4165 7·8;
610 4105 638 4156 V
651 4103 699 4167 953
719 4119 808 4170 quam
826 4104 995 4156 liberiorem
1014 4104 1228 4170 particularum
1248 4103 1465 4168 copulationem

297 4191 419 4256 tragicis
439 4191 663 4244 usitatissimam
683 4208 747 4245 esse
766 4191 895 4257 Ellendt,
913 4194 1013 4245 Lexic.
1033 4192 1168 4258 Sophool.
1188 4208 1216 4258 p.
1230 4190 1296 4257 719,
1320 4192 1465 4257 exemplis

298 4281 448 4346 congestis
467 4281 646 4347 comprobat.

369 4367 392 4436 ²)
412 4368 447 4421 oi.
466 4369 639 4434 Buttmann,
658 4369 706 4423 Gr.
727 4369 775 4424 Gr.
794 4385 824 4436 p,
837 4368 888 4422 512
907 4370 939 4422 in
958 4370 1009 4422 fin.
