3286 5206
786 445 965 505 -8-

292 607 473 685 gruentem
495 604 650 670 recedere
664 624 695 669 a
719 604 892 670 communi
912 601 1027 671 Attice
1051 605 1186 670 dicendi
1209 603 1341 673 ratione
1364 605 1465 672 iustis

293 714 415 794 postea
437 707 523 776 loeis
547 708 846 777 demonstrabitur.

382 831 451 900 Sed
475 854 674 930 quanquam
698 836 955 903 concedendum
979 839 1031 902 est
1052 832 1239 902 elocutioni
1262 835 1356 902 illius
1375 834 1466 903 0010-

292 962 365 1008 rem
393 943 565 1027 quendam
594 941 809 1028 antiquitatis
838 943 951 1009 inesse
979 961 1091 1028 neque
1120 944 1172 1008 ad·
1192 963 1271 1009 eum
1294 944 1339 1010 ad
1363 961 1467 1029 quem

292 1048 420 1134 posteri
449 1052 598 1115 oratores
625 1047 814 1135 perlectum
842 1050 990 1132 gradum
1019 1049 1229 1128 ascendisse,
1259 1056 1376 1116 tamen
1404 1071 1467 1116 ne-

293 1151 423 1220 minem
445 1159 651 1237 negaturmu
670 1154 827 1221 existimo
844 1157 915 1221 iam
933 1155 1004 1221 eius
1022 1155 1192 1222 orationes
1208 1154 1467 1242 pulchritudine

280 1261 445 1347 ‘quadam
470 1281 543 1328 6660
568 1266 751 1328 exornatas
776 1267 809 1328 et
832 1259 1019 1328 nonnullas
1042 1266 1157 1347 partes
1182 1262 1374 1329 accuratius
1396 1263 1467 1329 616-

293 1365 431 1433 boratas
462 1387 535 1434 6660
564 1372 597 1434 61
623 1366 822 1454 perpolitus
874 1365 951 1434 Huc
981 1369 1152 1454 pertinere
1180 1367 1268 1435 mihi
1295 1369 1467 1448 videntur,

295 1493 382 1559 quae
411 1471 449 1541 Ο.
475 1471 602 1541 Miiller
628 1472 670 1542 V.
696 1472 738 1541 D.
769 1475 811 1540 de
839 1473 1068 1561 Antiphontis
1103 1475 1252 1542 dictione
1285 1477 1466 1560 iudicat¹):

297 1580 391 1660 „Nur
415 1582 582 1668 diejenige
598 1581 665 1647 Art
687 1603 757 1649 von
774 1580 911 1662 Samen,
936 1583 973 1648 in
997 1582 1109 1648 denen
1133 1583 1188 1648 die
1207 1580 1346 1649 Glieder
1368 1581 1468 1649 nicht

295 1686 459 1754 einander
492 1690 773 1772 untergeordnet,
809 1691 957 1757 sondern
991 1689 1104 1757 neben
1137 1691 1300 1757 einander
1327 1689 1468 1773 gestellt

293 1797 432 1862 werden
461 1799 492 1863 (1.
518 1795 552 1864 h.
578 1798 633 1863 (116
658 1795 874 1883 0001116110,
898 1797 1126 1864 Adversativ-
1154 1798 1227 1863 und
1250 1795 1467 1864 Disiunctiv-

294 1900 395 1968 Sittre
425 1904 470 1986 ((1.
496 1902 530 1969 h.
561 1904 615 1969 die
640 1901 742 1970 Sitne
775 1905 839 1970 mit
867 1908 915 1968 καὶ
939 1907 1085 1990 (sq-zu,
1118 1904 1329 1990 (1111οὲ6δὲ,
1359 1905 1467 1993 mitt>

295 2009 471 2098 (πρότερον)
485 2049 494 2058 -
508 2011 541 2098 ἣ;
576 2011 624 2077 im
656 2029 791 2094 genuen
824 2009 932 2077 hildet
967 2008 1052 2077 alles
1087 2013 1149 2077 das
1181 2031 1382 2100 zusammen
1411 2011 1467 2077 die

295 2117 473 2205 ἀντικειμένη
496 2119 600 2200 λέξις),
629 2116 744 2184 haben
774 2117 883 2184 sehon
906 2117 943 2184 in
967 2118 1077 2184 dieser
1100 2116 1245 2185 Periode
1269 2119 1329 2184 der
1351 2115 1466 2184 Rede-

293 2223 402 2289 kunst
435 2221 510 2289 eine
543 2244 661 2306 grosse
689 2223 915 2308 Ausbildung
948 2223 1103 2291 erhalten
1136 2225 1207 2291 und
1235 2225 1376 2290 werden
1402 2225 1468 2290 mit

294 2349 430 2412 grosser
456 2327 575 2396 Kunst
608 2330 644 2396 in
680 2326 772 2396 allen
804 2328 905 2396 ihren
933 2328 1054 2396 Teilen
1087 2330 1307 2414 ebenm'assig
1340 2329 1467 2397 durch-

294 2435 464 2520 geliihrt“.

383 2543 500 2630 Atque
527 2542 592 2610 has
620 2541 823 2631 particulae,
854 2565 941 2630 quae
971 2545 1015 2610 ad
1037 2543 1221 2611 verborum
1251 2549 1285 2611 et
1308 2545 1467 2611 enuntie-

294 2656 407 2717 torum
423 2655 630 2718 structuram
645 2651 902 2737 poretacticam,
919 2656 957 2716 ut
971 2651 1020 2716 ita
1033 2650 1156 2730 dicam,
1173 2655 1340 2736 spectant,
1358 2649 1467 2738 expli-

296 2759 424 2825 candas
448 2756 537 2824 mihi
558 2757 730 2844 proposui.

385 2879 454 2946 Sed
476 2879 678 2967 priusquam
703 2881 747 2946 ad
770 2901 842 2946 rem
865 2879 978 2966 ipsam
995 2881 1209 2961 accedamus
1233 2879 1468 2967 profitendum

296 3009 369 3054 esse
392 2987 539 3067 videtur,
564 2987 647 3073 quid
670 2987 817 3054 sentiam
841 2988 883 3053 de
906 2985 1165 3070 tetralogiarum
1190 3009 1278 3074 quae
1298 2995 1468 3055 vocentur

294 3093 363 3161 fide
392 3099 425 3160 et
453 3093 663 3160 auctoritate.
711 3091 788 3173 Quo
816 3094 857 3159 de
885 3114 921 3160 re
950 3094 1086 3160 etiamsi
1109 3094 1260 3161 virorum
1289 3097 1467 3162 doctorum

296 3203 484 3268 sententiae
514 3205 584 3267 1010
615 3199 707 3266 06610
736 3207 774 3267 ut
800 3201 901 3266 aiunt
929 3201 1074 3281 (1161601,
1104 3202 1262 3287 equidem
1289 3209 1466 3288 procerte

294 3307 406 3374 habeo
435 3313 537 3393 atque
566 3305 700 3373 confido
728 3305 807 3372 illas
837 3326 879 3373 ex
901 3307 1130 3394 Antiphontis
1159 3317 1267 3375 manu
1291 3328 1365 3375 0666
1388 3329 1466 3395 pro-

261 3429 263 3433 ·
295 3415 410 3481 fectae.
464 3411 623 3481 Concedo
653 3414 829 3500 complura
856 3410 925 3480 illis
954 3416 1082 3494 inesse,
1112 3435 1201 3501 quae
1228 3415 1401 3498 legentem
1428 3419 1467 3481 ut

296 3523 338 3587 (16
361 3519 465 3587 illius
480 3520 680 3587 auctoritate
704 3519 838 3586 dubitet
862 3526 1109 3588 commoveant.
1164 3519 1234 3588 Sed
1257 3542 1392 3609 semper
1414 3543 1466 3588 re-

225 3705 227 3710 ,
294 3629 490 3714 putendum
519 3633 570 3693 est
597 3625 690 3706 11166,
720 3627 848 3713 quippe
878 3647 955 3694 oum
982 3618 1057 3694 000
1082 3628 1126 3694 ad
1154 3649 1257 3695 usum
1285 3627 1465 3708 sorensem,

296 3736 356 3802 sed
380 3736 424 3801 ad
448 3735 727 3801 exercitationem
750 3733 970 3801 umbratilem
994 3735 1063 3801 sint
1083 3737 1306 3822 conscriptae,
1328 3740 1467 3822 propter

296 3840 387 3908 hanc
416 3825 650 3908 diversitatem
675 3841 810 3923 generis
837 3841 1012 3907 interdum
1040 3841 1145 3908 etiam
1173 3839 1277 3908 aliam
1305 3840 1466 3928 praebere

296 3948 445 4034 speciem
459 3933 608 4014 'necesse
632 3967 721 4026 6666;
745 3948 806 4013 sed
828 3968 940 4034 neque
964 3947 1050 4014 haec
1074 3948 1119 4014 ad
1143 3945 1222 4014 illas
1245 3946 1464 4016 Rhamnusio

297 4055 545 4122 abiudicandas
571 4055 754 4140 quicquam
777 4052 892 4120 valere
909 4058 943 4120 et
956 4052 1138 4140 permultis
1155 4053 1267 4134 rebus,
1292 4075 1379 4140 quae
1396 4054 1466 4121 610-

297 4159 720 4246 cutionisAntiphontoae
742 4161 899 4247 propriae
923 4164 1004 4242 sint,
1028 4162 1102 4228 eius
1126 4163 1364 4229 auctoritatem
1381 4162 1465 4229 satis

369 4359 389 4426 ¹)
411 4359 525 4412 Griech.
545 4360 612 4413 Litt.
634 4357 681 4425 Ill,
700 4375 728 4426 p.
749 4359 809 4411 332.
