3286 5206
689 473 866 534 ,35-

188 631 444 700 conformantur
455 635 487 717 ¹).
524 631 781 719 Antiphontem
804 653 884 700 vero
909 633 1013 700 etiam
1036 635 1072 699 in
1096 632 1164 701 hac
1179 655 1214 701 re
1230 635 1358 701 maiore

186 737 327 806 licentia
354 739 405 806 uti
432 739 599 807 videmus.
653 737 842 807 Considera
869 738 955 806 mihi
978 741 1006 806 V
1026 739 1069 807 87
1087 763 1119 786 =
1132 740 1225 808 v15
1252 739 1363 820 οὐδεὶς

188 847 225 910 ἂν
248 849 456 935 τολμήσειεν
480 900 486 913 .
511 900 517 913 .
542 901 548 914 ,
570 849 617 935 μὴ
641 845 681 912 οὐ
700 848 842 938 χρῆσθαι
864 851 908 933 τῷ
931 845 1013 933 νόμῳ
1037 851 1071 913 et
1093 849 1141 914 VI
1167 846 1207 913 15
1231 851 1271 936 ἣν·
1291 901 1297 914 .
1321 902 1327 914 .
1352 902 1357 913 .

188 952 298 1031 οὐδεὶς
318 951 380 1030 οἷός
401 954 427 1018 τ’
451 955 488 1018 ἂν
511 952 557 1043 εἴη
581 956 786 1041 ἀποτρέψαι
806 956 853 1042 μὴ
877 952 917 1018 οὐ
943 954 1094 1037 γενέσθαι.

277 1095 462 1163 Proximus
485 1095 582 1163 locus
607 1101 659 1162 est
682 1098 757 1163 eius
780 1097 1009 1184 proprietatis,
1034 1118 1104 1183 qua
1120 1099 1164 1186 μὴ
1179 1102 1213 1164 et
1229 1095 1264 1162 od
1281 1118 1360 1183 par-

188 1202 313 1271 ticulae
337 1208 600 1270 commutantur.
648 1201 754 1270 Velut
777 1208 891 1271 exstat
914 1205 942 1269 V
964 1203 1005 1270 14
1023 1205 1116 1271 =vl
1137 1204 1157 1270 2
1175 1258 1181 1270 .
1202 1258 1208 1272 .
1228 1258 1233 1272 .
1253 1207 1284 1269 εἲ
1301 1259 1307 1272 .
1327 1258 1359 1272 ..

127 1330 130 1334 ·
189 1315 294 1375 κεῖνται
316 1310 406 1400 ἡμή,
430 1315 643 1397 postpauca
665 1331 746 1378 vero
770 1311 1243 1400 εἷ...ὃιὸάσκονσι...ν)οὕ.
1285 1309 1360 1378 Hoc

190 1423 358 1502 quantum
381 1417 482 1484 video
506 1419 543 1483 in
563 1418 732 1504 perpolito
749 1417 866 1506 Attico
883 1438 1039 1485 sermone
1055 1419 1262 1487 inusitatum
1279 1424 1359 1485 erat.

188 1521 290 1591 Plato
325 1524 465 1616 quidem
499 1528 533 1591 et
559 1522 760 1611 Xenophon
792 1523 888 1590 hunc
916 1545 1019 1592 usum
1048 1524 1263 1608 exhibend),
1300 1526 1361 1592 sed

189 1631 301 1697 eidem
324 1650 394 1697 non
417 1631 442 1697 ii
466 1636 557 1710 sunt,
582 1652 602 1698 a
626 1631 752 1718 quibus
775 1631 865 1699 bene
880 1631 998 1699 Attice
1022 1633 1157 1700 dicendi
1181 1633 1267 1700 ratio
1290 1633 1378 1700 dis--

190 1743 294 1804 catur.
341 1735 447 1804 lllum
471 1738 579 1817 enim,
603 1745 641 1805 ut
664 1739 845 1805 sententiis
869 1740 940 1805 suis
963 1739 1128 1806 maiorem
1154 1740 1360 1822 dignitatem

189 1845 462 1930 gravitatemque
487 1845 638 1923 adderet,
662 1847 852 1931 priscorum
876 1846 1025 1929 vestigia
1049 1851 1269 1913 consecutum
1288 1867 1361 1913 esse

189 1971 290 2017 nemo
313 1952 466 2034 ignorat3
491 1949 595 2030 hunc,
619 1954 750 2038 quippe
773 1953 831 2038 qui
851 1955 984 2031 „nomn
1001 1953 1172 2040 ἀνθρώπων
1188 1952 1249 2017 ἴδεν
1265 1953 1362 2018 ἄστεα

191 2061 238 2122 καὶ
253 2055 320 2122 νόον
344 2057 453 2141 ἔριν,
479 2079 521 2125 ex
545 2059 691 2126 diversis
716 2059 871 2127 dialectis
896 2057 1104 2127 conflavisse
1128 2080 1229 2126 suam
1250 2058 1363 2126 elocu-

189 2165 319 2231 tionem
348 2162 448 2231 facile
477 2171 530 2232 est
557 2167 602 2232 ad
629 2167 917 2253 perspiciendum.
975 2164 1071 2247 Quae
1099 2187 1177 2232 cum
1205 2167 1255 2232 ita
1283 2168 1363 2245 sint,

190 2291 261 2338 non
289 2291 410 2338 verum
438 2273 608 2355 attingere
636 2272 725 2340 mihi
748 2274 908 2340 videntur
931 2273 1163 2357 grammatici,
1193 2273 1363 2358 imprimis

191 2376 406 2460 Madvigius
423 2399 501 2445 cum
517 2379 626 2446 Attici
642 2381 809 2448 sermonis
826 2379 986 2466 exempla
1002 2379 1128 2446 totiens
1144 2375 1363 2464 Thucydidis

191 2483 348 2552 Platonis
364 2484 611 2572 Xenophontis
634 2485 780 2554 aliorum
795 2485 996 2554 huiusmodi
1013 2486 1140 2572 scripta
1156 2491 1361 2571 proponunt.

192 2589 261 2657 Sed
289 2592 408 2659 redeat
436 2594 528 2660 unde
556 2593 730 2661 aberravit
757 2595 874 2661 oratio.
927 2592 1101 2678 Equidem
1130 2612 1172 2658 cx
1192 2594 1249 2684 eis
1276 2612 1364 2678 quae

191 2695 392 2779 Kuehner3)
422 2696 521 2765 affert
549 2699 719 2785 exemplis
748 2699 873 2783 colligo
900 2698 999 2766 illam
1027 2697 1062 2764 οὐ
1092 2705 1125 2765 et
1148 2701 1191 2787 μὴ
1214 2699 1364 2784 particu-

132 2849 135 2856 -
190 2803 303 2871 larum
324 2805 593 2871 inconstantiam
608 2806 791 2892 praecipue
808 2804 1060 2891 antiquioribus
1077 2803 1273 2871 auctoribus
1290 2825 1364 2871 esse

191 2909 421 2977 tribuendam.
469 2909 545 2977 lam
567 2931 752 2998 pergarnus
777 2910 937 2996 exempla
959 2910 1173 2996 perlustrare.
1222 2909 1364 2995 Proprie

193 3015 444 3084 conformatum
464 3018 622 3084 invenies
638 3019 666 3084 V
682 3017 724 3084 66
737 3019 780 3106 μὴ
797 3071 803 3084 .
823 3072 831 3084 .
849 3071 855 3085 .
874 3021 938 3103 ἐμοὶ
954 3019 1068 3106 νεῖμητε
1084 3021 1116 3082 τὸ
1133 3019 1248 3106 ἄπορον
1264 3021 1360 3092 τοῦτο,

192 3125 223 3188 ἐν
246 3123 375 3214 pippd'
400 3125 436 3189 ἂν
459 3127 543 3190 αὐτοὶ
565 3127 737 3213 perrupere
762 3125 798 3189 in
815 3125 993 3190 enuntiato
1010 3122 1155 3190 relativo
1171 3143 1244 3190 non
1259 3142 1363 3204 gone-

192 3231 300 3297 relem
325 3231 533 3298 sententiam
557 3229 715 3310 subesse,
744 3231 804 3296 sed
833 3232 874 3297 de
897 3251 968 3297 una
992 3249 1099 3316 caque
1123 3235 1273 3297 certare
1298 3229 1365 3295 dici

192 3357 293 3404 nemo
322 3359 393 3404 non
420 3339 532 3424 primo
561 3337 684 3406 obtutu
712 3338 815 3405 videt.
865 3336 934 3404 Sed
966 3338 1125 3420 „sowietj
1155 3341 1239 3403 statt
1262 3339 1305 3402 ὅτι
1328 3334 1364 3401 οὐ

193 3444 242 3512 oft
264 3448 290 3510 εἰ
309 3448 352 3533 μὴ
375 3444 566 3528 gebraucht
588 3446 685 3524 wird
709 3466 813 3512 werin
835 3445 895 3511 der
912 3442 1033 3511 Grund
1049 3443 1274 3528 allgcmeiner·
1290 3440 1365 3510 auf-

193 3550 326 3634 gcfasst
348 3553 446 3630 wind,
472 3552 598 3620 ebcnso
621 3553 708 3618 wird
733 3551 823 3619 auch
849 3551 898 3618 oft
920 3554 1006 3640 ὃςμ)
1024 3575 1056 3596 =
1073 3555 1099 3616 εἰ
1111 3554 1153 3640 μὴ
1170 3555 1254 3618 statt
1269 3553 1313 3615 ὅτι
1328 3553 1364 3616 oo'

195 3656 418 3742 gebraucht“.
448 3657 527 3726 Huc
538 3659 713 3744 portinent
724 3660 752 3724 V
764 3657 807 3725 65
820 3661 885 3744 ἐμοὶ
893 3660 948 3756 μὲν
962 3660 1020 3746 γὰρ
1032 3662 1076 3745 τῷ
1084 3660 1131 3746 μὴ
1143 3658 1330 3745 εἰργασμένῳ
1340 3658 1365 3738 5)

266 3854 287 3922 ¹)
307 3854 342 3907 cf.
357 3855 525 3921 Seyffert-v.
540 3855 697 3920 Bamberg,
714 3855 922 3920 Hauptrogcln
937 3853 963 3905 d.
975 3868 1018 3918 gr.
1030 3855 1155 3921 Syntax‚
1172 3854 1273 3905 Berlin
1289 3853 1366 3918 1893,

195 3941 236 3996 23.
251 3942 295 4007 Α.,
314 3943 331 4010 ξ
347 3942 397 3995 157
418 3944 429 3995 1
452 3944 470 3995 b
490 3963 515 3994 a.

266 4030 287 4099 2)
308 4031 343 4083 cf.
363 4032 516 4096 Kuehner,
533 4033 551 4084 l.
565 4033 583 4084 l.
603 4047 631 4098 p.
645 4030 697 4084 749
717 4031 806 4084 Anm.
822 4032 845 4083 1.

266 4119 288 4186 3)
308 4121 326 4172 l.
341 4120 358 4172 l.
379 4136 407 4186 p.
421 4120 472 4173 749
493 4121 581 4172 Anm.
597 4121 619 4172 1.

266 4207 288 4274 4)
308 4209 451 4261 Kuehner
470 4210 487 4262 l.
502 4210 520 4260 l.
539 4223 566 4274 p.
581 4205 640 4260 745.

266 4296 287 4361 5)
305 4297 449 4350 Kuehner
467 4313 494 4364 p.
509 4297 560 4350 756
575 4297 663 4349 Anm.
677 4297 705 4349 3:
736 4297 853 4362 „Wenn
874 4296 926 4347 das
939 4296 1070 4360 Particip
1091 4296 1178 4346 einen
1192 4296 1297 4348 Grund
1315 4311 1365 4346 an-

195 4387 285 4452 giebt‚
304 4385 382 4438 steht
401 4385 632 4451 gowiihnlieh
652 4387 720 4438 οὐν*

1235 4471 1260 4512 3·
