3286 5206
769 468 947 528 ,38-

580 715 778 782 εἴτε-εἴτε
802 718 880 795 (ἐάν
902 718 1058 780 τε-ἐιὶν
1081 718 1141 798 τε).

365 855 499 925 Harum
528 857 666 943 quidem
693 857 938 944 particularum
961 877 1046 924 usus
1071 857 1165 943 apud
1188 854 1450 922 Rhamnusium

277 963 475 1031 rarissimus
505 968 570 1043 est;
600 983 670 1030 uno
700 964 791 1030 enim
819 961 906 1042 locu,
929 965 969 1030 II
995 962 1058 1047 72,
1084 968 1243 1030 exaratur
1267 961 1448 1029 εἴτε-εἴτε.

278 1069 346 1137 Sed
370 1071 400 1137 si
424 1070 500 1154 quis
523 1069 690 1136 intentius
713 1067 900 1155 perlegerit
920 1069 1090 1135 orationes
1113 1073 1133 1137 I
1157 1073 1191 1135 et
1213 1070 1251 1148 V,
1276 1089 1356 1136 eum
1378 1089 1451 1135 non

278 1176 387 1261 fugiet
402 1174 657 1262 Antiphontem
685 1175 752 1242 alio
777 1196 885 1262 eoque
899 1178 1037 1262 proprio
1054 1176 1158 1242 modo
1176 1175 1364 1242 sententias
1380 1175 1451 1241 dis-

279 1284 443 1352 iunxisse.
471 1280 534 1368 ‚Ut
561 1283 654 1350 enim
676 1281 745 1350 illis
770 1281 981 1350 orationibus
1004 1303 1065 1368 pro
1090 1285 1230 1347 καὶ-καὶ
1252 1283 1326 1348 sive
1342 1306 1451 1348 τε-τε

277 1389 450 1477 peculiare
478 1394 530 1456 est
552 1395 638 1454 τοῦτο
658 1390 845 1474 μὲν-τοῦτο
869 1391 914 1468 δὲ,
938 1391 988 1456 sio
1010 1409 1072 1475 pro
1096 1387 1258 1454 εἴτε-εἴτε
1283 1391 1350 1472 (ἐάν
1373 1413 1451 1454 τε-

279 1500 331 1562 ἐιὶν
347 1500 393 1579 τε)
417 1497 454 1562 in
477 1516 579 1562 usum
602 1496 748 1562 veniunt
771 1501 857 1561 τσῦτσ
876 1497 932 1582 μὲν
948 1499 974 1561 εἰ
989 1499 1126 1582 (ἐὰν)-
1139 1501 1224 1560 τοῦτο
1249 1498 1283 1561 δὲ
1307 1499 1333 1561 εἷ
1357 1498 1450 1582 (ἐάν),

280 1605 372 1692 quod
398 1601 454 1670 his
479 1601 645 1689 exemplis
669 1601 910 1670 illustrabitur:
934 1603 988 1670 ΙΙ
1015 1605 1139 1692 ἀπόρως
1159 1603 1222 1694 ἔχει
1240 1629 1293 1690 μοι
1317 1606 1451 1691 περὶτοῦ

280 1715 471 1800 πράγματος.
484 1760 491 1775 .
504 1759 522 1786 .,
551 1715 656 1775 τοῦτο
680 1713 746 1797 μὲν
774 1714 804 1776 εἷ
831 1713 1045 1800 ἐπισκήψαντος
1070 1716 1122 1776 τοῦ
1150 1715 1263 1799 πατρὸς
1283 1711 1452 1786 ἐπεξελθεῖν

280 1825 340 1895 τοῖς
366 1819 473 1883 ἑαυτοῦ
501 1822 622 1904 φονεῦσι
645 1821 687 1907 μὴ
711 1819 851 1904 ἐπέξειμι,
880 1823 984 1884 τοῦτο
1009 1821 1048 1884 δὲ
1071 1822 1102 1884 εἷ
1123 1819 1263 1892 ἐπεξιόντι
1286 1818 1455 1902 ἀναγκαίως

280 1924 342 2016 ἔχει
366 1927 410 2002 οἷς
430 1928 535 2014 ἥκιστα
559 1925 650 2014 ἐχρῆν
673 1926 704 1988 ἐν
727 1925 862 2014 διαφορᾷ
885 1931 1080 2014 κστιιστῆνιιι;
1105 1929 1139 1992 et
1161 1923 1226 1991 Vb
1250 1927 1323 1990 τάδε
1347 1926 1453 2010 δέσμαι

281 2036 371 2119 ὑμῶν,
389 2037 494 2097 τοῦτο
509 2026 573 2118 μ’ἐν
589 2034 650 2096 ἐάν
666 2057 691 2096 τι
706 2057 741 2120 πῃ
760 2035 879 2118 γλώσσῃ
895 2034 1032 2120 ἁμάρτω,
1049 2035 1223 2120 συγγνώμην
1239 2031 1317 2122 ἔχειν
1329 2057 1399 2117 μοι.
1412 2079 1420 2094 .
1432 2079 1450 2105 .,

281 2143 383 2203 τοῦτο
407 2140 447 2204 δέ
469 2140 530 2202 ἐάν
553 2163 578 2203 τι
601 2138 706 2226 ὀρθῶς
727 2137 810 2214 εἴπω,
835 2138 964 2227 ἀληθείᾳ
983 2141 1096 2223 μᾶλλον
1117 2137 1136 2226 ἦ
1154 2136 1296 2226 dardi-pu
1312 2138 1453 2227 εἰρῆσθαι

282 2245 368 2329 (soil.
393 2244 557 2334 ἡγεῖσθαι).

760 2475 974 2488 ——-—-

690 2688 762 2754 III.
786 2687 1046 2756 Adversatiroe.

372 2978 447 3040 ἀλλὰ
462 2971 668 3060 particulam
682 2973 720 3038 id
735 2972 906 3051 inducere,
924 2973 1015 3057 quod
1031 2970 1241 3056 praegressis
1254 2971 1456 3038 adversetur

283 3088 317 3149 et
344 3081 440 3149 huno
467 3082 504 3147 in
532 3081 674 3147 modum
702 3078 745 3146 ab
775 3078 936 3145 omnibus
965 3078 1123 3162 usurpari
1153 3077 1368 3164 exploratum
1392 3083 1452 3146 est.

283 3189 391 3276 Apud
422 3186 675 3274 Antiphontem
703 3205 784 3253 vero
812 3185 848 3251 id
877 3185 1031 3251 studium
1059 3183 1257 3271 praevalere
1285 3185 1454 3265 ridemus

284 3317 351 3384 quo
384 3295 477 3362 hane
503 3293 708 3382 particulam
735 3292 952 3360 antecedenti
981 3294 1017 3357 od
1047 3291 1180 3358 obiciat.
1235 3289 1292 3357 Sic
1321 3293 1456 3360 exsistit

283 3402 396 3488 figura
423 3401 484 3469 illa
511 3400 738 3480 antitheseOS,
763 3420 852 3487 quae
875 3397 1088 3486 Antiphonti
1110 3417 1320 3484 magnopere
1344 3399 1455 3466 estin

285 3509 426 3578 deliciis
473 3508 635 3592 Longum
651 3513 703 3575 est
719 3509 835 3575 omnia
852 3493 1011 3593 exempla
1026 3525 1236 3584 enumerare,
1262 3526 1339 3572 oum
1354 3526 1454 3592 prae-

285 3619 402 3685 sertim
425 3617 462 3683 in
486 3617 593 3683 altera
617 3636 751 3702 quaque
774 3634 884 3701 paene
909 3613 1053 3680 dixerim
1076 3610 1295 3698 paragrapho
1317 3612 1387 3679 tale
1402 3613 1456 3678 in-

284 3724 453 3791 veniatur.
500 3721 621 3809 Neque
644 3742 725 3788 vero
748 3743 819 3788 non
842 3720 1001 3804 longum,
1031 3720 1092 3786 sed
1115 3739 1194 3785 oum
1218 3719 1311 3805 apud
1335 3740 1455 3788 omnes

286 3833 372 3900 haee
396 3831 565 3918 oppositio
590 3833 710 3909 exstet,
735 3829 838 3895 etiam
861 3826 1006 3894 fortasse
1028 3825 1219 3913 perieulum
1244 3831 1305 3906 est,
1322 3846 1366 3893 ne
1382 3847 1456 3893 am-

285 3938 388 4026 plius,
406 3958 510 4024 quam
525 3935 625 4004 nobis
637 3935 851 4022 propositum
864 3939 925 4015 est,
941 3935 1102 4021 progredi
1113 3935 1302 4000 videamur.
1335 3932 1456 4019 ltaque

288 4066 328 4114 ea
354 4049 492 4112 tantum
520 4043 644 4127 eligere
672 4041 790 4122 liceat,
820 4040 946 4128 quibus
973 4041 1193 4127 potissimum
1215 4037 1457 4126 Antiphontea

288 4149 463 4219 subtilitas
492 4154 734 4233 cognoscatur,
766 4149 786 4215 i.
811 4169 837 4215 e.
868 4147 904 4213 in
933 4145 1058 4233 quibus
1088 4145 1236 4213 alterum
1263 4145 1457 4214 membrum

288 4255 500 4345 superfluum
524 4262 558 4324 et
580 4256 720 4322 nonnisi
743 4256 788 4322 ad
803 4254 950 4322 alterum
965 4255 1193 4340 premendum
1209 4254 1366 4320 additum
1383 4273 1457 4320 esse

245 4401 247 4406 ·
288 4366 325 4432 in
347 4370 509 4452 promptu
531 4361 820 4449 manifestumque
844 4367 903 4429 est.
951 4359 1099 4429 Veluti
1123 4361 1176 4441 3,3
1196 4363 1239 4450 μὴ
1264 4363 1357 4436 ἅπαξ,
1382 4362 1457 4425 ἀλλὰ
