3286 5206
809 503 987 562 ...20-

317 663 441 729 vincia.
490 660 596 729 Velut
620 667 758 728 exstant
781 661 941 747 exempla

608 770 717 837 inor.
827 767 970 854 Iar,

406 1231 512 1298 Cuius
541 1231 590 1298 rei
619 1251 724 1299 causa
751 1232 788 1296 in
817 1251 855 1297 eo
884 1231 998 1316 posita
1026 1235 1092 1310 est,
1121 1231 1212 1317 quod
1240 1232 1285 1311 ei,
1315 1231 1486 1316 aquibus

315 1338 559 1406 Rhamnusius
584 1337 744 1423 exempla
760 1338 928 1405 sermonis
945 1338 1060 1420 graeci
1076 1343 1228 1423 repetere
1244 1339 1365 1425 potuit,
1390 1336 1488 1405 illam

317 1447 592 1513 coniunctionem
609 1450 669 1512 aut
684 1443 780 1511 nullo
798 1450 857 1511 aut
872 1465 974 1530 parco
991 1466 1057 1511 usu
1069 1449 1276 1530 receperant.
1310 1443 1487 1534 Paulatim

317 1554 454 1620 demum
470 1552 536 1620 hoc
553 1573 662 1636 genus
679 1551 862 1631 increbuit,
879 1551 915 1616 id
933 1552 1024 1637 quod
1040 1551 1111 1618 iarn
1123 1553 1217 1637 apud
1230 1550 1488 1638 Antiphontem

315 1661 430 1745 ipsum
458 1680 645 1744 possumus
675 1658 957 1726 animadvertere.
1005 1656 1146 1725 Etenim
1174 1658 1281 1724 oratio
1304 1656 1370 1737 VI,
1399 1679 1487 1744 quae

316 1766 456 1852 quidem
484 1765 608 1832 ultima
636 1771 669 1832 ct
699 1765 901 1848 diligentius
924 1765 1033 1850 polita
1055 1765 1114 1845 sit,
1143 1784 1353 1850 quamquam
1376 1786 1487 1851 paene

317 1873 460 1940 dimidio
484 1872 621 1939 brevior
644 1878 697 1940 est
720 1893 823 1959 quam
846 1870 890 1952 V,
915 1877 1033 1940 tamen
1056 1893 1163 1958 prope
1188 1870 1334 1939 altorum
1351 1877 1487 1938 tantum

315 1978 552 2064 exemplorum
574 2001 758 2047 numerum
783 1977 931 2047 exhibet.

402 2105 477 2172 Iam
505 2125 586 2171 vero
611 2103 742 2189 duplex
765 2107 812 2168 καὶ
834 2104 883 2170 ita
906 2104 990 2189 poni
1014 2104 1115 2181 solet,
1143 2109 1244 2170 uteo
1268 2103 1427 2171 notiones
1450 2103 1487 2168 vi

315 2232 355 2278 ac
378 2216 503 2277 natura
525 2211 614 2276 inter
638 2231 674 2276 se
699 2211 933 2294 discrepantes
950 2208 1156 2292 colligentur
1166 2212 1200 2293 1).
1241 2208 1299 2276 Ab
1322 2208 1389 2277 hac
1409 2209 1486 2291 lege

315 2323 484 2388 oratorem
510 2322 667 2383 nostrum
690 2317 820 2401 passim
844 2314 1028 2384 abhorrere
1043 2317 1211 2384 videmus.
1252 2314 1344 2382 Nam
1359 2317 1487 2382 mirum

313 2424 351 2493 in
373 2425 516 2492 modum
538 2423 717 2506 coniungit
733 2442 773 2488 ea
787 2421 905 2501 verba,
922 2443 1009 2516 quac
1025 2423 1118 2488 idem
1134 2423 1189 2489 vel
1207 2415 1385 2490 consimile
1402 2422 1487 2508 quid

315 2528 524 2612 significant.
566 2527 662 2616 Quae
686 2529 878 2614 proprietas
902 2527 1022 2614 procul
1039 2528 1143 2595 dubio
1161 2527 1320 2595 cohaeret
1337 2549 1415 2595 curn
1431 2549 1487 2596 so-

314 2634 465 2721 phistica
494 2636 645 2721 quadam
667 2635 815 2708 ratione.
845 2655 912 2720 qua
934 2633 1174 2702 Rhamnusius
1199 2656 1299 2702 suam
1324 2637 1486 2721 cuiusque

314 2743 409 2808 vocis
433 2743 609 2809 notionem
633 2742 754 2808 acriter
770 2760 925 2826 premere
942 2742 1068 2820 studet,
1091 2746 1130 2806 ut
1146 2742 1285 2823 gravior
1300 2739 1362 2808 fiat
1378 2743 1486 2808 oratio

314 2849 532 2934 iudicumque
552 2848 686 2915 animos
702 2845 942 2915 vehementius
959 2854 1183 2914 commoveat.
1217 2846 1389 2933 Exempla
1404 2869 1485 2914 uero

314 2954 400 3022 haec
427 2955 558 3022 inveni:
583 2957 603 3021 I
627 2954 646 3021 3
671 2959 714 3031 ὡς
735 2957 790 3019 καὶ
813 2956 873 3036 ἐγὼ
895 2957 949 3018 καλ
965 2957 983 3042 ὴ
1001 2952 1103 3043 γραφὴ
1119 2955 1212 3038 λέγεα
1228 2952 1270 3020 23
1288 2958 1335 3018 καὶ
1351 2955 1487 3019 δικασταὶ

314 3062 459 3145 ἐγένεσθε
489 3065 544 3125 καὶ
568 3062 727 3149 ἐκλήθητεζ
753 3061 781 3126 V
804 3060 824 3126 7
849 3063 905 3124 καὶ
928 3061 1056 3147 νομίμως
1077 3064 1134 3124 καλ
1156 3061 1256 3138 balag
1281 3059 1322 3126 32
1347 3064 1403 3125 καὶ
1425 3062 1486 3143 βα-

314 3171 449 3233 σανισταὶ
473 3171 519 3231 καλ
541 3170 714 3256 cccccccccc
738 3167 779 3234 91
805 3170 860 3230 καὶ
883 3170 961 3255 ripn)
980 3168 1190 3256 χρησαμένους
1212 3171 1267 3232 καλ
1291 3169 1419 3255 διαβολῇ
1443 3193 1484 3232 πι-

315 3275 472 3361 θομένοαςς
500 3274 547 3340 Vl
573 3273 614 3341 10
642 3277 697 3338 καὶ
719 3277 785 3338 ὅσια
809 3276 864 3337 καλ
888 3274 998 3351 (lirum
1028 3272 1069 3339 51
1094 3277 1150 3338 καλ
1173 3277 1250 3360 ὑμᾶς
1270 3275 1383 3350 εἰδότες
1404 3277 1484 3338 εὐσε-

313 3383 482 3464 βεστάτοας
516 3387 573 3444 τῶν
606 3379 745 3469 Ἑλλήνιον
782 3380 925 3456 δικαστὰς
956 3383 1010 3444 καὶ
1043 3381 1256 3458 δικαιοτάτους,
1289 3382 1325 3447 in
1359 3380 1485 3466 qulbus

314 3489 467 3553 notanda
495 3491 546 3554 est
562 3485 749 3568 singularis
765 3486 950 3554 verborum
967 3485 1153 3554 collocatio
1194 3486 1267 3554 Nec
1283 3508 1364 3554 vero
1381 3493 1486 3554 tetra-

313 3593 423 3677 logias
447 3592 514 3660 hoc
537 3591 664 3660 subtile
684 3613 796 3675 genus
814 3613 954 3678 prorsus
972 3591 1100 3660 deficit:
1118 3596 1157 3661 II
1173 3621 1193 3659 ο
1211 3595 1227 3661 1
1246 3598 1301 3658 καὶ
1318 3595 1485 3684 γνωσθῆναι

314 3704 369 3765 καλ
384 3702 571 3790 ἐλεγχθῆναι,
592 3721 655 3767 neo
670 3720 740 3766 non
755 3702 804 3767 IV
822 3700 870 3784 rb
887 3703 942 3764 καλ
958 3707 1050 3766 ταῦτα
1066 3704 1122 3765 καλ
1137 3700 1178 3765 ἔτι
1194 3684 1304 3766 τούτων
1320 3703 1483 3788 δεινότερα.

402 3805 589 3892 Reliquum
614 3813 675 3886 est,
699 3813 737 3872 ut
760 3827 872 3892 pauca
899 3807 940 3873 de
964 3809 1172 3892 proprietate
1197 3809 1345 3893 quadarn
1371 3828 1415 3874 or.
1433 3805 1485 3873 VI

314 3934 493 3999 exponam.
530 3912 681 3979 Exstant
697 3914 789 3980 enim
804 3912 965 3979 nonnulli
980 3911 1057 3992 loci,
1081 3913 1206 3999 quibus
1223 3935 1284 4000 per
1301 3914 1484 3981 abundan-

313 4020 398 4086 tiam
422 4023 561 4084 καὶ-καὶ
583 4018 773 4106 particulae
789 4021 1019 4105 praemissum
1036 4021 1193 4108 ἀμφότερα
1210 4021 1396 4105 excipiunt.
1435 4019 1485 4086 Ut

314 4128 479 4211 scriptum
502 4127 661 4193 videmus
684 4128 732 4193 VI
755 4126 799 4194 20
822 4127 903 4199 ἄξιον
926 4124 954 4190 θ’
978 4127 1196 4216 ἐνθυμηθῆναι,
1226 4129 1251 4190 ὦ
1275 4128 1396 4214 ἄνδρες,
1422 4130 1482 4213 ἀμ-

313 4234 451 4320 φότερα
475 4236 531 4298 καλ
554 4239 606 4322 τῆς
628 4237 745 4322 propag
766 4241 824 4297 τῶν
847 4234 1000 4298 ἀντιδίκων
1024 4236 1079 4298 καὶ
1094 4235 1150 4321 οἵῳ
1166 4235 1269 4321 τρόπῳ
1285 4233 1423 4323 ἔρχονται
1439 4236 1484 4299 ἐπὶ

386 4412 406 4477 1)
427 4412 461 4464 of.
481 4412 624 4465 Kuehner
643 4413 660 4465 l.
674 4414 692 4464 l.
705 4428 734 4479 p.
748 4411 840 4477 793,1;
853 4413 944 4478 Papo,
956 4412 1225 4466 Griech.-Deutsch.
1239 4413 1311 4466 Lex.
1324 4411 1349 4464 1²
1361 4429 1390 4479 p.
1405 4379 1482 4466 1177.
