3286 5206
287 1593 442 1703 „Natura
465 1622 563 1691 nulla
587 1629 647 1703 θεῖ,
672 1644 759 1710 quae
783 1644 854 1690 non
877 1623 1006 1690 habeat
1028 1626 1065 1690 in
1089 1645 1152 1691 suo
1169 1645 1293 1708 genere
1310 1645 1363 1691 res

196 1732 389 1818 complures
414 1730 600 1798 dissimiles
624 1731 712 1797 inter
736 1751 786 1810 εθ,
815 1751 903 1818 quae
926 1736 1044 1798 tamen
1068 1729 1239 1798 consimili
1261 1729 1364 1798 laude

196 1838 390 1920 dignentur.
447 1837 498 1903 At
528 1835 594 1905 hoo
624 1838 777 1924 quidem,
812 1838 903 1924 quod
932 1844 984 1904 est
1012 1838 1049 1905 in
1079 1839 1212 1905 naturis
1241 1858 1365 1920 rerum,

194 1944 372 2012 transferri
394 1949 507 2030 potest
531 1945 635 2011 etiam
659 1946 704 2011 ad
729 1950 830 2025 artes,
857 1945 1028 2030 imprimis
1053 1946 1097 2012 ad
1121 1950 1230 2012 artem
1254 1951 1365 2014 orato-

194 2053 346 2136 11111111).ιι
382 2049 479 2132 Quae
495 2072 696 2138 quanquam
712 2072 784 2118 una
801 2056 997 2131 esttamen
1014 2052 1055 2131 ei,
1080 2051 1191 2138 quiin
1208 2072 1248 2118 ea
1265 2073 1365 2138 prae-

195 2164 326 2225 stantes
355 2157 507 2238 fuerunt,
535 2159 624 2224 inter
652 2179 689 2226 se
713 2158 851 2225 fuerunt
875 2158 1068 2226 dissimiles.
1116 2157 1224 2225 Velut
1247 2161 1365 2226 suavi-

194 2270 312 2344 tatem,
336 2269 375 2332 111
391 2266 439 2332 ait
456 2263 571 2332 Cicero
588 2265 609 2332 l.
626 2264 662 2345 l.‚
686 2263 864 2345 Isocrates,
886 2263 1113 2332 subtilitatem
1130 2264 1266 2350 Lysias,
1284 2271 1364 2333 aou-

195 2392 276 2438 men
313 2369 523 2457 Hyperides,
562 2371 713 2437 sonitum
751 2369 960 2451 Aeschines,
999 2372 1072 2437 vim
1111 2370 1364 2440 Demosthenes

194 2478 327 2545 habuit.
363 2477 480 2564 Atque
503 2476 590 2544 illud
614 2478 755 2564 quidem
778 2499 849 2545 non
872 2480 975 2545 modo
1000 2480 1045 2545 ad
1069 2481 1258 2546 sententias
1281 2500 1365 2566 qua-

196 2587 273 2652 drat
306 2591 339 2652 et
371 2586 511 2669 ingenia
543 2585 731 2672 unicuique
765 2607 882 2653 eorum
910 2587 1064 2673 propria,
1100 2588 1160 2653 sed
1189 2587 1293 2653 etiam
1323 2588 1365 2653 de

196 2694 333 2760 dicendi
357 2694 605 2761 consuetudine
628 2692 685 2759 vel
708 2693 823 2778 potius
849 2694 890 2758 de
913 2693 1058 2760 materia
1079 2692 1155 2773 illa,
1185 2714 1272 2780 quae
1296 2693 1365 2760 elo-

196 2802 368 2867 cutionem
386 2799 499 2880 efficit,
524 2801 746 2874 statuendum
765 2819 840 2866 esse
858 2820 988 2866 censeo.
1025 2797 1146 2887 Neque
1164 2801 1256 2866 enim
1272 2797 1365 2866 ullus

196 2913 247 2972 est
275 2912 402 2987 orator,
431 2907 490 2994 qui
519 2928 589 2974 non
618 2927 658 2973 ea
680 2905 747 2972 sibi
771 2892 875 2991 eligat
897 2906 1037 2989 linguae
1062 2907 1247 2987 elementa,
1278 2927 1365 2993 quae

195 3033 277 3080 suae
300 3015 409 3100 ipsius
432 3014 632 3100 proprietati
648 3014 798 3080 maxime
814 3014 1053 3099 respondeant.
1091 3011 1235 3081 Constat
1250 3018 1365 3084 autem

195 3122 284 3187 inter
308 3122 464 3187 omnium
487 3120 692 3208 populorum
716 3119 854 3204 linguas
877 3119 1012 3186 nullam
1034 3141 1119 3199 esse,
1144 3141 1211 3206 qua
1227 3142 1365 3187 aooura-

195 3228 263 3293 tius
288 3248 392 3315 quam
409 3226 541 3295 Graeoa
561 3228 705 3294 intimae
722 3227 947 3311 eogitationes
965 3227 1210 3314 exprimantur.
1251 3225 1364 3308 Quam

196 3333 318 3402 Graeei
347 3334 515 3401 sermonis
543 3335 721 3414 virtutem,
750 3354 817 3420 qua
846 3335 952 3401 oratio
977 3335 1124 3400 dicentis
1149 3335 1263 3401 animo
1287 3340 1362 3400 tan-

196 3463 300 3529 quam
316 3442 499 3509 humidum
514 3442 762 3509 vestimentum
780 3443 910 3528 corpori
926 3463 962 3509 se
979 3442 1140 3529 applicat,
1166 3440 1365 3510 Classenius

195 3549 248 3614 vir
271 3550 489 3617 doctissimus
516 3548 572 3616 his
595 3547 709 3615 verbis
732 3549 953 3635 praedieat²):
993 3603 1020 3628 „.
1047 3602 1053 3615 .
1081 3603 1086 3615 .
1111 3547 1135 3614 J
1138 3569 1200 3615 ene
1223 3548 1365 3618 Frisohe

195 3657 268 3722 und
297 3655 606 3724 Unmittelbarkeit
641 3655 726 3742 (soil.
756 3658 816 3724 der
843 3655 1183 3739 Ausdruoksweise)‚
1220 3657 1274 3722 die
1310 3658 1365 3723 die

197 3762 497 3847 augenbliokliohe
515 3762 723 3846 Gestaltung
739 3765 799 3830 des
817 3762 1028 3829 Gedankens
1046 3782 1089 3829 zu
1106 3762 1273 3846 ergreifen
1289 3784 1364 3829 ver-

197 3868 300 3951 steht
313 3872 393 3957 jene
409 3868 723 3938 Ansohauliohkeit
738 3869 813 3937 und
825 3869 1090 3954 Lebendigkeit
1109 3869 1218 3937 durch
1233 3867 1365 3936 welohe

196 3979 258 4044 wir
285 3998 350 4044 uns
378 3998 415 4044 so
445 3975 493 4045 oft
520 3975 825 4044 unwiderstehlioh
854 3996 1054 4060 angenogen
1083 3974 1218 4055 siihlen,
1248 3973 1365 4043 haben

197 4106 275 4151 uum
299 4105 444 4168 grossen
469 4083 545 4151 Teil
567 4083 667 4150 ihren
692 4082 815 4151 Grund
838 4084 875 4149 in
899 4084 959 4176 der
984 4081 1207 4166 gliiokliohen
1227 4083 1365 4167 Anlage

269 4247 290 4313 ¹)
310 4249 420 4312 Cicero,
439 4247 475 4299 de
495 4263 534 4300 or.
554 4249 598 4299 ΙΙΙ
617 4247 643 4312 1,
662 4246 695 4299 25
716 4263 759 4314 sq.

267 4335 289 4404 2)
309 4336 563 4400 Beobaehtungen
591 4336 665 4387 iiber
694 4335 752 4388 dan
783 4337 901 4389 Homer.
926 4335 1200 4401 Spraohgebraueh.
1249 4335 1365 4386 Frank-

196 4427 257 4479 furt
276 4443 299 4480 a.
313 4427 352 4478 M.
392 4427 468 4479 1867.
505 4424 606 4491 pana.
