3286 5206
1024 743 1025 746 Ἴ
1071 657 1160 718 όπότε
1255 657 1334 736 γὰ,

1098 819 1138 826 -
1239 777 1323 844 21><

1077 885 1148 951 1><
1204 884 1357 952 aarum<

1097 1032 1141 1040 -
1206 989 1357 1058 oa36><

1098 1139 1139 1145 —
1195 1096 1358 1186 ¹pea.130><

278 1279 354 1346 Iam
376 1300 458 1346 vero
483 1277 599 1364 aliquo
623 1275 783 1364 exempla
807 1297 914 1363 eaque
938 1275 1212 1343 luculentissimo
1236 1295 1363 1361 suppo-

190 1407 329 1454 namus:
353 1389 373 1453 I
397 1385 440 1458 28
464 1386 611 1471 δαυμόζιυ
635 1433 666 1447 ..
689 1389 742 1449 τοῦ
766 1387 900 1471 ἀδελφοῦ
923 1431 954 1446 ..
978 1388 1011 1448 τὸ
1036 1383 1235 1470 διομόσασθαι
1251 1429 1282 1444 ..
1303 1389 1366 1459 πῶς

193 1496 260 1580 peip
284 1494 320 1557 ἄν
343 1519 385 1570 τις
406 1493 440 1558 εὖ
464 1494 555 1582 εἰδεὶή
579 1495 624 1570 οἷς
640 1496 684 1582 μή
707 1493 903 1580 παμεκένετος
932 1495 968 1557 οὐ
993 1493 1060 1578 γιλμ
1084 1491 1179 1580 δήπου
1200 1490 1364 1577 μαμτόμιον

193 1601 220 1683 p)
243 1601 371 1664 ἐναντίον
399 1603 471 1680 κτλ.;
499 1601 528 1665 V
551 1598 594 1666 2ss
618 1647 649 1662 ..
672 1601 771 1664 οὐδενὶ
798 1601 879 1686 λόγῳ
907 1601 994 1664 εἰκότι
1022 1600 1159 1664 δόνανται
1182 1597 1364 1684 ἀποφαίνειν.

192 1708 281 1795 δῆλον
310 1709 377 1794 κὰμ
407 1709 450 1771 ότι
473 1709 562 1790 ἐγγύς
583 1732 639 1772 που
662 1711 715 1771 τοῦ
739 1708 854 1793 λιμένος
875 1709 952 1783 εἰκός
972 1707 1007 1796 ήν
1030 1754 1061 1769 ..
1086 1705 1154 1770 οὔτε
1179 1707 1247 1792 reip
1271 1707 1363 1769 αὑτοῦ
1422 1757 1424 1762 .

191 1819 321 1901 κματεῖν;
344 1814 428 1890 itam
448 1813 535 1880 Vll)
559 1816 651 1878 ἅπασι
675 1816 742 1901 γὰμ
766 1861 797 1876 ..
819 1816 982 1902 ήλλόξαντο
1006 1816 1081 1901 γὰρ.
1120 1811 1236 1878 Etiam
1252 1811 1364 1902 magis

190 1920 316 1985 mirum
332 1921 380 1986 VI
397 1919 456 1988 8-5
480 1919 545 1985 ἔστι
561 1923 617 2007 μὲν
635 1923 704 2008 κὰμ
720 1968 727 1983 .
744 1969 751 1984 .
769 1922 843 2010 αότή
860 1922 895 1985 δὲ
910 1968 917 1983 .
934 1967 941 1982 .
958 1921 1071 2010 ἀνάγκη
1090 1922 1157 2007 γὰρ
1174 1967 1181 1982 .
1198 1920 1365 2007 ,τοσαύτην

193 2030 260 2114 γὰρ
284 2073 315 2089 ..
338 2025 403 2094 ἔστι
421 2028 478 2112 μὲν
502 2030 581 2114 γὰρ.

279 2149 400 2236 Neque
429 2171 609 2233 seeussrea
634 2172 670 2218 se
693 2149 800 2218 habet
822 2153 860 2218 in
884 2150 1008 2218 tetrall.
1057 2149 1147 2218 Eece
1170 2150 1257 2217 haee
1281 2169 1364 2215 sone

191 2258 279 2324 mira
302 2259 362 2324 III
385 2259 410 2339 β
432 2256 502 2324 3-4
531 2261 563 2321 τό
593 2260 661 2345 γὰρ
681 2260 835 2345 μειράκιον
859 2305 889 2320 ..
913 2261 965 2322 τοῦ
991 2260 1058 2345 κὰμ
1083 2259 1188 2334 παιδὸς
1209 2243 1240 2318 ζ.
1264 2258 1290 2320 εἶ
1310 2256 1366 2341 μὲν

194 2365 275 2451 palpa
302 2389 320 2447 γ
344 2363 401 2430 1-2
424 2367 529 2453 ἥκιστα
555 2367 622 2452 γὰρ
647 2411 677 2426 ..
701 2367 762 2447 ἐγώ
785 2389 817 2428 τε
842 2365 909 2452 κὰμ
933 2411 964 2426 ..
988 2366 1060 2429 οὐδὲ
1085 2366 1161 2452 γὰρ.

191 2493 193 2500 ’
282 2486 403 2554 Unum
427 2489 520 2574 apud
535 2488 790 2574 Antiphontem
807 2494 920 2555 exstat
937 2488 1144 2574 exemplum,
1168 2489 1205 2554 in
1223 2507 1288 2573 quo
1307 2489 1365 2575 γὰρ

193 2595 224 2660 ei
249 2595 455 2672 sententiae,
480 2595 576 2660 euius
602 2615 743 2661 oausam
767 2592 882 2674 affert,
906 2594 1144 2679 praemittitur.
1192 2592 1259 2660 Hie
1282 2613 1365 2658 usus

196 2700 382 2778 „naturalis
395 2700 585 2792 priscorum
598 2701 735 2767 dicendi
747 2699 921 2767 facultatis
935 2707 996 2780 est,
1008 2720 1096 2787 quae
1106 2701 1198 2788 quod
1208 2700 1365 2785 proxime

193 2807 229 2871 in
252 2811 404 2872 mentem
427 2807 533 2886 venit,
557 2807 593 2872 id
618 2809 711 2873 omni
736 2805 884 2874 effundit
907 2808 961 2872 νδ
977 2810 1010 2890 ¹).
1057 2806 1173 2892 Atque
1196 2807 1232 2872 id
1255 2826 1365 2888 genus

192 2911 361 2998 imprimis
390 2911 433 2980 ab
457 2910 608 2980 Homero
632 2911 875 3000 Herodotoque
904 2914 1061 2980 adamari
1089 2933 1189 2982 nemo
1217 2914 1364 2995 ignorat.

193 3017 368 3086 Exoraiur
396 3025 512 3088 autem
540 3023 560 3087 I
586 3020 624 3086 ll
655 3026 704 3084 νῦν
728 3022 767 3096 δ’,
796 3023 857 3104 ἐγὼ
882 3024 940 3108 μίμ
964 3023 1020 3107 εἰμι
1043 3025 1129 3088 τοῦτο
1150 3022 1205 3106 μὲν
1228 3024 1245 3082 ό
1270 3019 1367 3083 δέλιυν

194 3129 284 3203 αότδς
304 3128 488 3214 βασανιστής
511 3128 677 3211 γενέσθαι.
696 3175 703 3190 .
722 3175 741 3202 .,
766 3129 830 3213 ἐμοὶ
846 3129 941 3216 δήπου
957 3131 1034 3204 εἰκός
1048 3129 1140 3192 ταύτὰ
1157 3132 1249 3191 ταῦτα
1266 3127 1365 3214 τεκμή-

191 3259 245 3320 pao
269 3233 351 3307 εἶναι,
377 3233 472 3300 ouius
496 3233 589 3298 modi
614 3231 838 3299 conformatio
862 3237 926 3313 (νῦν
943 3235 1100 3322 δὲ-γὰμ)
1126 3234 1219 3318 apud
1237 3229 1362 3298 Home·

193 3360 270 3405 rum
294 3359 458 3425 persaepe
483 3341 701 3423 invenitur2).
742 3338 817 3405 lam
841 3341 886 3406 ad
910 3338 983 3407 Ill
1006 3340 1120 3407 confer
1136 3361 1263 3426 quaeso
1279 3341 1306 3405 V
1323 3337 1366 3405 38

194 3451 243 3510 νῦν
267 3447 311 3521 δέ,
336 3448 425 3511 όπότε
448 3449 531 3511 αὐτοὶ
554 3447 635 3512 οὗτοι
659 3448 906 3534 προκαλουμένων
926 3455 984 3512 τῶν
1004 3449 1096 3534 φίλων
1117 3455 1174 3512 τῶν
1190 3450 1269 3534 ἐμῶν
1285 3443 1365 3510 ταῦτ’

194 3552 314 3638 ἔφυγον,
338 3556 402 3640 ε’μοῖ
425 3554 521 3642 δήπου
546 3554 620 3617 κατὰ
642 3554 752 3618 τοότιυν
770 3555 843 3618 εἶναι
854 3556 917 3643 χμή
934 3557 1026 3619 ταδτδ.
1042 3559 1134 3622 ταῦτα
1151 3555 1291 3642 τεκμήμια
1308 3555 1365 3616 κτλ.

195 3657 287 3740 Quid
310 3658 373 3725 tibi
396 3657 484 3726 haee
501 3659 676 3727 simillime
694 3666 893 3745 comparata
909 3660 1069 3747 exempla
1084 3660 1229 3746 probare
1245 3660 1366 3726 viden-

193 3769 269 3832 tur?
315 3765 355 3832 ld
379 3787 463 3833 sane
488 3767 638 3852 quidem,
661 3767 862 3852 praesertim
881 3789 959 3834 oum
975 3767 1039 3834 hos
1055 3766 1149 3836 looos
1167 3787 1366 3834 communes

195 3893 237 3938 ex
262 3878 333 3939 arte
357 3894 445 3960 quae
468 3879 610 3940 voeatm·
633 3875 857 3961 transeriptos
882 3895 957 3942 esse
980 3872 1167 3941 verisimile
1186 3874 1240 3953 sit,
1265 3873 1366 3940 Anti-

194 3977 361 4066 phontem
384 3981 516 4047 rationo
541 3985 574 4047 et
598 3979 740 4047 oonsilio
765 3980 991 4047 elocutionem
1015 3999 1115 4047 suam
1133 3981 1316 4046 emendare
1333 3984 1367 4046 et

197 4087 242 4152 ad
264 4085 500 4173 perfectiorem
523 4087 670 4170 gradum
693 4106 895 4172 promovero
919 4087 1104 4155 studuisse.
1132 4127 1172 4134 —
1197 4087 1255 4152 Ad
1279 4085 1366 4153 illud

195 4215 408 4222 ——--.--.—-

268 4284 288 4350 ¹)
309 4285 449 4350 Spengel,
468 4303 559 4353 σοναγ.
578 4304 648 4355 τεχν.
666 4299 694 4350 p.
708 4286 738 4347 9;
757 4284 792 4336 of.
812 4284 954 4336 Kuehner
973 4283 1171 4349 1.e.p.853,2.

267 4371 288 4436 2')
309 4372 344 4424 ef.
365 4388 441 4439 quae
460 4375 574 4425 B'auml.
593 4375 612 4424 l.
625 4375 642 4425 l.
657 4388 684 4439 p.
699 4372 781 4426 'IS-79
800 4374 910 4426 laudat.
