3286 5206
780 479 958 540 „40-

290 644 370 723 pota
399 642 486 724 quae
514 639 551 705 in
574 637 793 705 incunabulis
817 644 1027 716 versaretur,
1055 637 1211 704 nondum
1234 637 1283 702 ita
1305 635 1461 721 locuples

291 745 455 810 orationis
478 745 666 811 variandae
690 749 877 829 apparatus
901 743 1135 830 suppeditarat
1151 741 1206 824 (cf.
1225 763 1257 828 p.
1278 740 1344 824 16).
1386 740 1462 808 lam

289 849 483 918 videbimus
508 851 610 918 iniis
634 849 865 930 adminiculis,
891 851 1015 937 quibus
1039 851 1260 936 potissimum
1276 847 1462 935 Antiphon

289 958 334 1023 ad
359 957 547 1024 orationem
571 957 843 1024 continuandam
865 958 996 1035 nititur,
1020 962 1099 1024 ante
1123 958 1240 1023 omnia
1264 957 1367 1023 etiarn
1391 957 1461 1039 ὂὲῑ)

291 1085 365 1130 essa
387 1062 598 1134 habendum.
645 1064 761 1149 Atque
785 1062 914 1148 duplex
938 1065 1076 1149 quidem
1101 1064 1173 1130 eius
1196 1063 1233 1130 in
1256 1063 1462 1130 transeundi

178 1205 180 1210 ·
290 1181 417 1253 genere
441 1177 496 1237 est
515 1171 611 1238 ratio.
651 1169 774 1256 Neque
798 1171 890 1237 enirn
911 1169 1023 1237 solum
1040 1171 1084 1236 ad
1100 1171 1241 1253 singula
1256 1175 1464 1254 argumenta

180 1362 185 1370 Ι
291 1277 514 1356 conectenda,
543 1277 604 1343 sed
629 1278 733 1343 etiam
757 1277 803 1343 ad
826 1277 983 1360 singulas
1007 1276 1171 1342 orationis
1195 1280 1311 1361 partes
1335 1276 1463 1342 adnec—

291 1383 413 1450 tendas
436 1384 596 1468 perlinat,
622 1403 723 1468 quem
746 1403 848 1448 usum
871 1382 908 1448 in
931 1381 1041 1467 proba
1063 1383 1250 1465 graecitate
1272 1381 1377 1464 longe
1400 1385 1464 1448 an-

291 1489 504 1572 gustioribus
531 1485 661 1556 finibus
686 1489 979 1574 circumscriptum
995 1489 1152 1575 reperies
1193 1487 1366 1574 Exempla
1380 1508 1464 1555 vero

292 1597 414 1682 prioris
432 1596 566 1680 generis
585 1597 722 1663 exstant
744 1595 849 1675 13‚1;
876 1595 964 1675 12,5;
991 1596 1080 1676 15,1;
1105 1594 1193 1676 lau
1216 1593 1464 1675 v·13.1;1o,1;

293 1702 384 1782 17,1;
413 1701 504 1782 26,1;
533 1701 624 1782 42,1;
654 1700 744 1782 54,1;
773 1701 863 1782 62,6;
891 1701 982 1782 67,1;
1010 1701 1102 1781 73,1;
1130 1699 1221 1782 88,2;
1250 1702 1342 1782 92,1;
1370 1700 1463 1781 93,1;

292 1808 382 1889 95‚1;
411 1811 459 1876 VI
483 1809 574 1889 20,1;
604 1808 694 1888 raa
722 1807 813 1888 25‚1;
840 1808 926 1888 44,1.
975 1807 1053 1876 Huc
1081 1809 1334 1894 quodammodo
1359 1808 1464 1875 etiam

292 1937 333 1982 ea
357 1913 516 2000 exempla
539 1920 707 2001 spectant,
732 1934 820 2000 quae
844 1917 879 1979 δὲ
895 1917 969 1999 (-)
985 1919 1032 1980 καὶ
1056 1914 1232 1995 exhibent,
1257 1915 1296 1982 cf.
1322 1935 1354 2000 p.
1384 1914 1434 1982 17.

244 2027 248 2036 ’
379 2022 454 2090 lam
481 2042 562 2088 vero
592 2041 749 2106 percurre
771 2019 859 2087 mihi
882 2021 949 2088 hoc
971 2027 1155 2108 utrumque
1178 2042 1297 2106 genus.
1347 2020 1464 2102 Quid?

292 2130 327 2196 in
352 2150 397 2195 or.
426 2127 473 2195 Vl
496 2128 534 2194 id
557 2147 671 2194 nonna
694 2128 804 2194 rarius
828 2128 865 2194 in
888 2149 991 2195 usum
1014 2129 1131 2196 uenire
1151 2131 1189 2194 in
1209 2135 1372 2214 promptu
1391 2130 1464 2194 est?

291 2235 473 2303 Praeterea
489 2233 669 2317 intelleges
686 2254 731 2301 or.
748 2232 780 2299 V
794 2233 1106 2304 'familiarissimum
1123 2255 1199 2302 esse
1214 2236 1251 2301 in
1267 2235 1464 2302 narratione

293 2342 496 2412 deducenda
519 2341 619 2428 ἐπειδὴ
643 2341 691 2408 aa:
716 2342 744 2407 V
767 2339 859 2420 23‚l;
878 2339 924 2406 ib.
940 2339 1001 2406 4-5
1022 2342 1074 2405 δὲ.
1087 2388 1114 2404 ..
1132 2343 1248 2429 ἕπειὸὴς
1264 2339 1355 2420 24,5;
1370 2339 1464 2419 29,1;

291 2449 382 2528 41,1;
406 2447 496 2527 56,1;
519 2443 700 2525 77‚1=VI
718 2445 792 2525 122
814 2449 891 2530 (ἐπεὶ
906 2448 970 2528 δὲ);
987 2444 1020 2512 V
1033 2445 1149 2526 25,5-8
1166 2446 1384 2535 (μὲν-ἐπειδὴ
1397 2448 1463 2530 δὲ);

292 2553 421 2635 29,3’-6;
445 2552 575 2633 33,1-3;
596 2551 729 2633 40,2-4;
753 2551 882 2632 55,34;
906 2551 1030 2632 rai-3.

347 2666 349 2671 '
380 2659 434 2727 De
458 2663 492 2726 δὲ
515 2662 553 2726 in
576 2659 782 2726 testimoniis
806 2657 1020 2744 proferendis
1045 2657 1085 2726 of.
1110 2679 1143 2744 p.
1163 2659 1204 2726 16

380 2765 489 2834 Aliud
501 2787 600 2853 porro
615 2764 730 2851 aliqua
743 2765 931 2832 attentione
945 2766 1090 2849 dignum
1103 2769 1163 2832 est.
1188 2764 1295 2851 Apud
1306 2771 1464 2852 posteros

296 2876 387 2942 enim
412 2876 446 2940 δὲ
475 2894 553 2940 cum
582 2875 749 2963 τεκμήριον,
779 2879 917 2961 σημεῖον,
943 2873 1123 2961 μαρτύριον,
1153 2867 1188 2938 ul
1205 2874 1348 2958 μέγιστον
1372 2891 1464 2940 com-

293 2982 471 3068 pendiario
496 2980 634 3047 dicendi
656 2981 758 3046 modo
776 2981 998 3046 coniunctum
1013 2979 1221 3059 invenimus,
1244 2979 1294 3045 ita
1311 2984 1351 3045 ut
1366 2981 1465 3065 quasi

226 3106 228 3109 ·
293 3088 476 3155 formulam
504 3085 672 3165 efficiant;
698 3107 769 3153 non
797 3087 880 3153 item
909 3087 1002 3171 apud
1030 3092 1197 3153 nostrum.
1250 3086 1361 3154 Immo
1391 3087 1464 3152 eius

294 3195 535 3274 elocutionem,
564 3197 642 3260 cum
666 3195 703 3259 in
725 3193 886 3280 primitiis
909 3198 1078 3273 versetur,
1107 3213 1151 3260 ne
1175 3191 1242 3259 hac
1266 3193 1403 3278 quidem
1426 3194 1464 3259 in

293 3322 329 3369 re
364 3301 429 3368 sibi
464 3307 679 3368 constantem
715 3320 789 3366 essa
823 3300 990 3366 videmus.
1042 3298 1199 3367 Velutv
1227 3297 1267 3365 61
1306 3306 1465 3366 exaratur

294 3410 522 3496 posteriorum
551 3407 661 3474 forma
688 3407 856 3489 legitima:
894 3409 1091 3495 τεκμήριον
1110 3409 1149 3470 δὲ
1173 3406 1328 3493 μέγιστον,
1359 3410 1402 3483 ὡς
1429 3409 1464 3471 oo’

295 3519 376 3596 κτλ.;’
404 3515 446 3584 63
475 3535 556 3582 vero
586 3517 642 3578 καὶ
667 3516 731 3600 μὲν
759 3515 801 3602 δὴ
836 3562 909 3594 ,..
946 3514 1134 3602 τεκμήριόν
1168 3516 1274 3589 ἐστιν,
1310 3516 1353 3578 ὅτι
1388 3516 1463 3592 κτλ.;

296 3625 379 3691 item
400 3622 471 3690 fera
496 3625 544 3690 vl
566 3622 607 3689 41
635 3627 668 3688 et
689 3621 742 3690 43.

383 3730 457 3798 Iam
485 3729 609 3796 tetrall.
635 3729 902 3795 consideremus.
953 3727 995 3795 ln
1019 3727 1143 3814 quibus
1168 3748 1246 3794 cum
1268 3747 1340 3794 non
1363 3747 1465 3794 verae

296 3858 418 3906 causae
442 3838 527 3916 sint,
555 3837 670 3903 minus
699 3855 803 3921 quam
825 3835 863 3900 in
887 3835 1008 3902 ceteris
1032 3835 1185 3901 studium
1208 3835 1302 3901 varie
1326 3838 1360 3901 et
1383 3834 1465 3901 arti-

295 3943 410 4012 ficiose
440 3943 647 4011 adnectendi
676 3947 879 4026 argumenta
908 3940 1183 4027 deprehenderis.
1239 3939 1333 4021 Quin
1361 3941 1465 4008 etiam

295 4052 467 4118 interdum
485 4049 663 4136 complura
679 4050 842 4134 deinceps
859 4049 1008 4135 simplici
1027 4051 1061 4113 δὲ
1076 4049 1321 4131 adiunguntur.
1358 4046 1466 4114 Velut

295 4162 335 4226 11
359 4185 378 4223 α
403 4157 471 4237 5‚1;
494 4159 519 4241 β
540 4156 609 4237 6,4;
633 4156 704 4237 7‚1;
728 4155 796 4237 8‚1;
820 4155 890 4235 9,1;
917 4155 1006 4235 11,1;
1032 4153 1122 4235 13,1;
1148 4153 1238 4238 γ3,1
1265 4152 1318 4239 (cf.
1337 4175 1370 4240 p.
1388 4153 1464 4238 25);

369 4302 388 4369 ¹)
409 4301 445 4378 ci.
459 4301 583 4367 Sohepe,
602 4302 638 4352 de
658 4300 842 4352 transitionis
857 4299 1002 4363 formulis,
1022 4300 1130 4364 quibus
1147 4303 1229 4351 oratt.
1244 4298 1335 4350 Attici
1347 4302 1466 4364 praeter

295 4392 383 4444 Isocr.
404 4389 509 4442 Aesch.
530 4391 613 4442 Dam.
632 4394 766 4453 utuntur,
785 4389 870 4453 Prgr.
890 4388 1090 4452 Bueckeburg
1110 4386 1186 4439 1878.
