3286 5206
781 477 957 536 -44-

287 630 495 712 inserantur,
520 632 646 719 quibus
669 655 713 700 ne
733 634 915 701 minimum
938 637 1078 721 quidem
1095 637 1180 703 insit
1196 639 1367 706 contrarii.
1405 639 1462 706 Ita

288 734 338 816 fit,
362 742 401 803 ut
425 740 545 805 eodem
570 759 636 824 quo
660 744 784 805 τε-καὶ
799 740 942 809 voculae
958 741 1099 810 munere
1115 741 1314 827 iungantur.
1355 739 1463 812 Velut

287 844 316 910 V
343 842 384 911 31
415 847 619 930 κατεψεύσατό
643 872 717 932 μου,
747 845 800 936 τὴν
819 849 874 933 μὲν
897 849 1071 936 ἐλευθερίαν
1094 851 1212 927 ἐλπίσας
1232 851 1382 926 οἴσεσθαι,
1411 859 1465 940 τῆς

288 951 323 1016 δὲ
353 953 490 1034 βασάνου
522 956 564 1030 είς
589 958 622 1018 τὸ
651 961 837 1045 παραχρῆμα
866 956 1050 1041 βουλόμενος
1075 958 1276 1048 ἀπηλλάχθαι.
1327 957 1462 1025 Eadem

287 1057 374 1124 ratio
399 1060 653 1144 quodammodo
671 1063 763 1128 cerni
780 1065 896 1147 potest
910 1063 949 1128 in
965 1062 993 1129 V
1009 1062 1051 1130 79
1068 1065 1230 1151 ἠλλάξαντο
1243 1067 1316 1150 μὲν.
1329 1113 1356 1128 ..
1374 1091 1460 1129 xum-

288 1165 450 1250 δαιμονίαν,
474 1167 591 1232 ἐπείθου
614 1169 648 1232 δὲ
672 1171 723 1258 τὴν
742 1171 857 1234 ἑαυτῶν
878 1170 1007 1256 πατρίδα
1021 1173 1192 1236 ἀνάστατον
1209 1173 1374 1261 γενομένην,
1399 1171 1462 1238 sed

288 1271 346 1355 qui
369 1273 540 1355 genuinus
563 1294 673 1341 nexus
696 1271 1014 1354 intercedat'inira
1038 1274 1230 1343 disseretur.
1278 1267 1463 1344 Praeterea

287 1378 336 1444 VI
351 1377 394 1444 45
418 1381 606 1465 ἐπιστάμενοι
624 1382 680 1466 μὲν
703 1382 772 1458 τοὺς
792 1378 916 1467 νιίμουζ.
929 1430 936 1445 .
949 1429 967 1457 .,
993 1386 1123 1470 ὁρῶντες
1144 1383 1173 1447 θ’
1197 1385 1250 1470 ἐμὲ
1265 1385 1459 1467 βουλεύοντα.

377 1501 492 1588 Magis
516 1525 596 1572 vero
622 1490 827 1591 conspicuus
852 1504 985 1572 est'hic
1007 1501 1094 1573 usus¹
1115 1509 1152 1573 in
1170 1506 1309 1576 tetrall.:
1334 1510 1375 1575 ΙΙ
1391 1535 1410 1573 α
1429 1509 1459 1588 1,

289 1608 364 1688 3-43
388 1609 496 1690 6,4-6;
522 1610 611 1690 11,3;
637 1638 655 1696 γ
672 1611 799 1692 10,1·2;
822 1615 881 1680 ΠΙ
898 1639 917 1678 α
934 1612 1002 1692 2,4;
1019 1615 1067 1680 lv
1084 1640 1103 1678 α
1120 1613 1227 1693 aa&
1243 1614 1385 1698 did-4,
1401 1613 1462 1681 ubi

291 1716 478 1800 singularis
503 1723 693 1786 structurae
715 1718 938 1802 neglegentia
961 1719 1170 1788 observatur.

377 1840 493 1928 Atque
523 1845 628 1910 etiam
651 1843 758 1911 verba
781 1845 859 1930 ipsa
882 1844 945 1913 tali
968 1846 1072 1912 modo
1097 1845 1463 1930 copulantur1178A

288 1949 409 2025 είκιίτιυς
426 1951 482 2034 μὲν
504 1951 631 2027 άνοσίιυς
652 1952 686 2015 de
710 1956 744 2017 et
766 1953 826 2018 III
851 1951 975 2034 75‚4-5
1000 1955 1120 2042 ἁπάσης
1137 1955 1193 2038 μὲν
1212 1959 1266 2041 γῆς
1279 1955 1461 2040 ἁμαρτόντα,

289 2057 404 2118 πάντων
427 2057 462 2120 δὲ
485 2059 640 2142 σωμάτιον.
906 2136 933 2144 ..

377 2178 435 2246 Ab
460 2177 531 2246 hoc
553 2200 620 2246 usu
642 2181 797 2266 proxime
821 2178 982 2260 abestis
1008 2203 1073 2268 quo
1094 2184 1231 2268 μὲν-δὲ
1252 2181 1366 2260 verbo¹
1383 2203 1461 2249 cum

289 2272 469 2370 anaphora
485 2284 675 2372 dupliciter
681 2286 793 2372 posito
812 2288 997 2353 adduntur.
1030 2285 1123 2354 Nam
1141 2308 1182 2354 ea
1198 2279 1251 2354 est
1262 2286 1462 2376 anaphorae

289 2392 391 2471 ratio,
424 2399 463 2459 ut
494 2393 562 2459 duo
592 2393 772 2459 enuntiata
801 2394 874 2460 sive
901 2393 1057 2461 membra
1084 2416 1152 2461 uno
1181 2394 1286 2462 verbo
1311 2396 1462 2481 *repetito

289 2499 379 2565 inter
402 2519 439 2565 se
463 2499 675 2584 copulentur.
721 2497 866 2566 Ponitur
891 2506 1006 2566 eutem
1029 2498 1116 2567 haec
1139 2498 1262 2583 figura,
1290 2502 1461 2588 „quando

289 2610 327 2670 ut
357 2607 405 2671 ait
428 2603 559 2693 Aquila
581 2604 762 2673 Romanus
792 2628 818 2673 c.
843 2606 900 2686 34,
930 2607 1114 2692 praecipue
1144 2613 1177 2674 et
1204 2608 1271 2693 ipsi
1300 2609 1462 2675 commoti

289 2712 398 2778 videri
421 2713 544 2780 volunt
568 2718 718 2781 oratores
744 2719 777 2780 et
800 2714 947 2780 iudicem
972 2717 1254 2797 commovere¹)“.
1293 2714 1354 2783 Ad
1374 2735 1462 2801 quae

289 2816 530 2886 Rehdantzius
553 2821 591 2885 in
614 2820 726 2886 indice
749 2819 780 2900 Ι,
809 2841 841 2905 p.
862 2819 936 2899 159,
965 2821 1062 2887 addit
1085 2821 1218 2888 minore
1241 2819 1462 2888 vehementia

291 2946 365 2992 esec
389 2926 425 2991 id
448 2947 570 3009 genus,
597 2926 688 3012 quod
709 2926 847 3013 μὲν-δὲ
870 2926 1047 3012 particulis
1069 2925 1306 3000 conformetur.
1347 2926 1462 3014 Atque

290 3033 326 3098 id
351 3032 502 3118 quidem,
525 3038 564 3098 ut
587 3033 679 3100 idem
702 3031 942 3100 Rchdantuius
960 3035 1043 3100 scite
1061 3032 1264 3113 enucleavit,
1289 3035 1384 3118 apud
1401 3054 1461 3119 op-

289 3140 394 3205 timos
419 3146 569 3206 oratores
593 3146 728 3224 practer
744 3138 1017 3206 Demosthenem
1040 3140 1149 3206 rarius
1166 3140 1350 3207 invenitur.
1392 3137 1462 3206 Sed

291 3245 320 3311 si
349 3246 424 3331 quis
453 3266 622 3330 magnum
655 3245 755 3313 illum
784 3244 1028 3313 Demosthenis
1057 3247 1251 3314 orationum
1278 3267 1461 3328 numerum

292 3372 369 3418 curn
394 3351 630 3438 exemplorum
655 3354 754 3438 copia
779 3353 1038 3438 comparaverit,
1063 3373 1107 3419 ne
1124 3353 1219 3438 apud
1235 3341 1330 3419 hunc
1345 3354 1462 3438 ipsum

292 3459 429 3545 quidem
453 3460 539 3526 illud
562 3461 666 3527 nimis
691 3459 899 3544 frequentari
913 3460 1065 3543 ingenue
1081 3458 1250 3527 fatebitur.
1290 3459 1365 3526 Iam
1380 3481 1462 3526 vero

292 3587 359 3652 quo
377 3567 489 3632 studio
506 3564 691 3652 Antiphon
708 3565 790 3633 huic
801 3567 918 3649 generi
930 3567 1119 3650 indulgeat,
1136 3586 1178 3632 ex
1190 3566 1245 3633 his
1259 3565 1427 3652 exemplis
1434 3567 1461 3650 ²)

291 3673 473 3756 insigniter
502 3672 663 3741 elucebit:
693 3675 720 3739 V
746 3673 787 3740 12
816 3677 970 3760 ἀνώμοτος
992 3675 1048 3759 μὲν
1063 3713 1107 3721 ι-
1123 3677 1168 3737 α’ν.
1200 3675 1248 3752 θὲς
1277 3673 1320 3740 45
1350 3675 1462 3761 νύκτωρ

287 3782 412 3867 μὲν-ν.
437 3783 486 3859 θὲ;
510 3780 553 3847 54
577 3783 797 3868 (λιάρορον-ιλ.
823 3782 857 3844 δὲ
881 3779 936 3865 (cf.
953 3802 985 3867 p.
1004 3779 1048 3846 42
1064 3781 1108 3846 ad
1126 3777 1157 3845 V
1175 3780 1249 3864 54);
1272 3781 1320 3846 VI
1339 3779 1382 3846 25
1406 3782 1463 3844 εἷεν

287 3889 446 3974 μὲν-εἷεν
470 3891 504 3952 δὲ
528 3893 662 3973 etpost
685 3908 797 3972 pauca
820 3888 897 3976 ἐξείη
916 3889 1059 3972 μὲν-ἐξ.
1084 3888 1127 3951 δὲ.

364 4103 384 4171 1)
405 4105 440 4155 cf.
461 4109 666 4170 conspectum,
692 4118 780 4168 quem
803 4102 1006 4156 Rchdantzius
1031 4102 1153 4167 praebet
1177 4103 1208 4152 in
1233 4102 1332 4165 „Dem
1352 4102 1368 4153 9
1387 4099 1463 4152 Phil.

292 4192 422 4257 Redcn“,
441 4192 501 4245 ind.
521 4193 544 4257 Ι,
562 4209 589 4258 p.
606 4193 664 4246 158.

364 4300 385 4367 ²)
407 4299 578 4354 Omittenda
597 4306 667 4352 sunt
687 4315 729 4365 ea,
748 4315 824 4366 quae
843 4300 954 4366 ubique
974 4299 1046 4350 satis
1065 4299 1134 4350 trita
1154 4303 1237 4349 sunt:
1261 4297 1356 4349 πολλοὶ
1375 4297 1464 4360 μὲν-

293 4410 319 4442 π.
339 4391 377 4456 δὲ,
397 4389 460 4442 τοτὲ
479 4390 527 4454 μὲν
539 4409 605 4442 -a
626 4389 656 4442 δὲ
676 4390 712 4441 al.
